hospital_id,department,medicine_id,stock_quantity,last_updated
84f84087-902c-47b0-930b-78a2336ee56b,Emergency,cd82fa7f-f8bc-40ec-befd-d29846899546,65,2025-11-25 21:10:07.736854+00:00
84f84087-902c-47b0-930b-78a2336ee56b,Emergency,27ec7f6c-b922-4165-8e17-16b51f180374,176,2025-11-25 21:10:07.738220+00:00
84f84087-902c-47b0-930b-78a2336ee56b,Emergency,43ece4e9-c716-4b63-85f5-25f5ca6f8ac5,187,2025-11-25 21:10:07.739433+00:00
84f84087-902c-47b0-930b-78a2336ee56b,Emergency,e48a122f-2bc6-4172-9994-60452a9717a1,43,2025-11-25 21:10:07.740504+00:00
84f84087-902c-47b0-930b-78a2336ee56b,Emergency,8e88067d-1091-4100-b1ba-7fdeeb79d2e8,90,2025-11-25 21:10:07.741266+00:00
84f84087-902c-47b0-930b-78a2336ee56b,Emergency,3517bcff-909b-415f-ac87-ba1f631f3596,129,2025-11-25 21:10:07.741923+00:00
84f84087-902c-47b0-930b-78a2336ee56b,Emergency,15192a5f-4e67-4034-8b16-d6501e582dde,200,2025-11-25 21:10:07.742554+00:00
84f84087-902c-47b0-930b-78a2336ee56b,Emergency,a41e3028-dbaa-43b4-91f2-0a2bc897efd4,32,2025-11-25 21:10:07.743190+00:00
84f84087-902c-47b0-930b-78a2336ee56b,Emergency,1f2e5121-b063-4252-a07c-85aaadd4f1cd,190,2025-11-25 21:10:07.743831+00:00
84f84087-902c-47b0-930b-78a2336ee56b,Emergency,c0ef31f9-4980-43ef-9158-de8c70fa9152,43,2025-11-25 21:10:07.744445+00:00
84f84087-902c-47b0-930b-78a2336ee56b,Emergency,adcf774c-9ef4-4db1-b42b-6703ba5d9fd1,16,2025-11-25 21:10:07.745185+00:00
84f84087-902c-47b0-930b-78a2336ee56b,Emergency,690a6212-d9a3-4c6a-8475-bdb2bb29427c,96,2025-11-25 21:10:07.745908+00:00
84f84087-902c-47b0-930b-78a2336ee56b,Emergency,b2288713-a97e-4edc-b552-6812891c7e83,136,2025-11-25 21:10:07.746564+00:00
84f84087-902c-47b0-930b-78a2336ee56b,Emergency,764eae95-1a48-4000-832a-82e00b5bbe16,12,2025-11-25 21:10:07.747271+00:00
84f84087-902c-47b0-930b-78a2336ee56b,Emergency,4bbc8b04-4909-4ba6-8aa4-b23ee634ab5f,146,2025-11-25 21:10:07.747927+00:00
84f84087-902c-47b0-930b-78a2336ee56b,Emergency,89ec725b-b2d4-4f30-bd18-6b19aad1d345,168,2025-11-25 21:10:07.748549+00:00
84f84087-902c-47b0-930b-78a2336ee56b,Emergency,97ffb5a6-6832-40bd-8b4a-faed15b2963d,181,2025-11-25 21:10:07.749194+00:00
84f84087-902c-47b0-930b-78a2336ee56b,Emergency,d45ccf92-c435-4027-bc94-134a0ecbd4e9,127,2025-11-25 21:10:07.749879+00:00
84f84087-902c-47b0-930b-78a2336ee56b,Emergency,619da02a-3051-42b8-8b48-37e5c5e325cc,96,2025-11-25 21:10:07.750516+00:00
84f84087-902c-47b0-930b-78a2336ee56b,Emergency,82cfc68e-73e8-425c-a332-9848b05024dd,32,2025-11-25 21:10:07.751167+00:00
84f84087-902c-47b0-930b-78a2336ee56b,Emergency,f08dda97-b7f8-499e-bb31-e5774050ff2a,25,2025-11-25 21:10:07.751826+00:00
84f84087-902c-47b0-930b-78a2336ee56b,Emergency,86c3cc43-8024-431e-9bac-dcc1eea8701a,109,2025-11-25 21:10:07.752468+00:00
84f84087-902c-47b0-930b-78a2336ee56b,Emergency,8018433f-1f5c-4d04-8f5b-7fdb5f5f9e96,144,2025-11-25 21:10:07.753121+00:00
84f84087-902c-47b0-930b-78a2336ee56b,Emergency,04b51ce8-59e9-4a6e-b3ae-b71c62513568,15,2025-11-25 21:10:07.753780+00:00
84f84087-902c-47b0-930b-78a2336ee56b,Emergency,4eb6bb84-6acb-48af-948c-ba321d5f7d53,25,2025-11-25 21:10:07.754428+00:00
84f84087-902c-47b0-930b-78a2336ee56b,Emergency,f0728fb0-1a42-49dc-88a0-c4c1e8cd98fc,28,2025-11-25 21:10:07.755127+00:00
84f84087-902c-47b0-930b-78a2336ee56b,Emergency,c240752c-34b6-4709-8a68-e7660f7f4ac9,52,2025-11-25 21:10:07.755789+00:00
84f84087-902c-47b0-930b-78a2336ee56b,Emergency,e5cefb16-231c-42e0-b72b-d5a6f1ae2916,105,2025-11-25 21:10:07.756438+00:00
84f84087-902c-47b0-930b-78a2336ee56b,Emergency,e9179438-5146-429f-ad84-6e4d7620055c,28,2025-11-25 21:10:07.757095+00:00
84f84087-902c-47b0-930b-78a2336ee56b,Emergency,64339099-7ef4-44fd-99a1-6b132dd56069,199,2025-11-25 21:10:07.757739+00:00
84f84087-902c-47b0-930b-78a2336ee56b,Internal Medicine,3e75c02b-6451-4d2e-9a83-67c1c5fea5b4,114,2025-11-25 21:10:07.759195+00:00
84f84087-902c-47b0-930b-78a2336ee56b,Internal Medicine,1732a78b-1dae-457a-bba4-df140820fe38,197,2025-11-25 21:10:07.760018+00:00
84f84087-902c-47b0-930b-78a2336ee56b,Internal Medicine,50bd4d92-aa02-4e8d-9fb9-cd313dcc52fd,41,2025-11-25 21:10:07.760669+00:00
84f84087-902c-47b0-930b-78a2336ee56b,Internal Medicine,b182a44d-eb75-491d-8450-4bbb63faaf32,43,2025-11-25 21:10:07.761379+00:00
84f84087-902c-47b0-930b-78a2336ee56b,Internal Medicine,cac15bc1-69a1-4ffd-8aaf-bbd4bc449d4b,140,2025-11-25 21:10:07.762027+00:00
84f84087-902c-47b0-930b-78a2336ee56b,Internal Medicine,3b4c6454-bcf8-4bdd-9e41-7e75d74e4174,37,2025-11-25 21:10:07.762688+00:00
84f84087-902c-47b0-930b-78a2336ee56b,Internal Medicine,31b720c8-ca76-4c0b-b295-c402bab97d67,33,2025-11-25 21:10:07.763313+00:00
84f84087-902c-47b0-930b-78a2336ee56b,Internal Medicine,ec9e221d-246b-48a7-9b51-4659753a1a4a,168,2025-11-25 21:10:07.763925+00:00
84f84087-902c-47b0-930b-78a2336ee56b,Internal Medicine,c94a1292-7a13-45d3-b67b-411e9aa17477,37,2025-11-25 21:10:07.764566+00:00
84f84087-902c-47b0-930b-78a2336ee56b,Internal Medicine,b19493af-19f2-4705-bf2a-ffe3d63cc0de,97,2025-11-25 21:10:07.765178+00:00
84f84087-902c-47b0-930b-78a2336ee56b,Internal Medicine,a54e4360-9c6d-44b8-9865-5066d4b32fa1,118,2025-11-25 21:10:07.765804+00:00
84f84087-902c-47b0-930b-78a2336ee56b,Internal Medicine,9167cb82-df2c-4b76-83db-ae4c329e63b5,93,2025-11-25 21:10:07.766439+00:00
84f84087-902c-47b0-930b-78a2336ee56b,Internal Medicine,6c74c337-c5c2-4eb5-8ad7-ea4e72bb0bf0,115,2025-11-25 21:10:07.767054+00:00
84f84087-902c-47b0-930b-78a2336ee56b,Internal Medicine,b6fbcdd8-354f-4fc1-be34-88eec0653313,25,2025-11-25 21:10:07.767666+00:00
84f84087-902c-47b0-930b-78a2336ee56b,Internal Medicine,5c3edb26-bc4f-4f1a-8594-85bf5482b5a1,131,2025-11-25 21:10:07.768291+00:00
84f84087-902c-47b0-930b-78a2336ee56b,Internal Medicine,7847277c-858d-4c72-815b-5463c0d6c1ad,47,2025-11-25 21:10:07.768950+00:00
84f84087-902c-47b0-930b-78a2336ee56b,Internal Medicine,7f18bdd4-7b75-4ea1-9e0d-f40a7bd8e710,78,2025-11-25 21:10:07.769573+00:00
84f84087-902c-47b0-930b-78a2336ee56b,Internal Medicine,4d85e4ee-0755-4553-bd5d-ab6a16f8624c,110,2025-11-25 21:10:07.770250+00:00
84f84087-902c-47b0-930b-78a2336ee56b,Internal Medicine,965d9e14-409a-4d65-95bf-8c714913da15,14,2025-11-25 21:10:07.770899+00:00
84f84087-902c-47b0-930b-78a2336ee56b,Internal Medicine,d3b7e4a0-1a67-48c9-85d1-9551abece144,47,2025-11-25 21:10:07.771531+00:00
84f84087-902c-47b0-930b-78a2336ee56b,Internal Medicine,7e26e7e6-0477-45cb-9228-cfaff0500565,179,2025-11-25 21:10:07.772185+00:00
84f84087-902c-47b0-930b-78a2336ee56b,Internal Medicine,86e79265-2fc3-4a87-90f8-b0c8c2477bbe,103,2025-11-25 21:10:07.772839+00:00
84f84087-902c-47b0-930b-78a2336ee56b,Internal Medicine,169a4db7-7ef6-4957-b1e4-6494691859db,130,2025-11-25 21:10:07.773467+00:00
84f84087-902c-47b0-930b-78a2336ee56b,Internal Medicine,7e2465d8-fa85-4327-b4b4-23f4f5eb7d71,134,2025-11-25 21:10:07.774099+00:00
84f84087-902c-47b0-930b-78a2336ee56b,Internal Medicine,1a25c027-0479-482a-af90-6e6e3f78c692,81,2025-11-25 21:10:07.774733+00:00
84f84087-902c-47b0-930b-78a2336ee56b,Internal Medicine,e1c401ab-a4d7-4dbf-a1c5-9d55e8db797b,32,2025-11-25 21:10:07.775361+00:00
84f84087-902c-47b0-930b-78a2336ee56b,Internal Medicine,d595e791-a905-4988-ac13-5a730890ca29,100,2025-11-25 21:10:07.775978+00:00
84f84087-902c-47b0-930b-78a2336ee56b,Internal Medicine,c19dd47d-69d9-4deb-a412-776d683f702d,96,2025-11-25 21:10:07.776708+00:00
84f84087-902c-47b0-930b-78a2336ee56b,Internal Medicine,c75dbd59-860f-489a-aafe-ab493fd11528,10,2025-11-25 21:10:07.777418+00:00
84f84087-902c-47b0-930b-78a2336ee56b,Internal Medicine,a2881b84-309f-489a-a412-d534ebf43e37,108,2025-11-25 21:10:07.778113+00:00
84f84087-902c-47b0-930b-78a2336ee56b,Internal Medicine,32be78a3-2177-4aed-8546-223187ac269f,25,2025-11-25 21:10:07.778788+00:00
84f84087-902c-47b0-930b-78a2336ee56b,Internal Medicine,20b98bdb-511f-4cbc-b090-bcf1a70b3aa0,191,2025-11-25 21:10:07.779430+00:00
84f84087-902c-47b0-930b-78a2336ee56b,Internal Medicine,b8232415-fc30-4d93-b848-014ea8862b77,58,2025-11-25 21:10:07.780070+00:00
84f84087-902c-47b0-930b-78a2336ee56b,Internal Medicine,b10ffeae-1be0-41e7-93bd-bdfa2142320d,120,2025-11-25 21:10:07.780725+00:00
84f84087-902c-47b0-930b-78a2336ee56b,Internal Medicine,7eff5d3d-694b-4107-94b3-1416785999d7,66,2025-11-25 21:10:07.781365+00:00
84f84087-902c-47b0-930b-78a2336ee56b,Internal Medicine,1ccba835-d05d-478b-8782-891dad4f9989,146,2025-11-25 21:10:07.782013+00:00
84f84087-902c-47b0-930b-78a2336ee56b,Internal Medicine,f13e0758-cc4b-412a-8619-c769c3f19301,117,2025-11-25 21:10:07.782683+00:00
84f84087-902c-47b0-930b-78a2336ee56b,Internal Medicine,e2ac79c4-0377-4a9f-9be9-664d1b38beb4,99,2025-11-25 21:10:07.783314+00:00
84f84087-902c-47b0-930b-78a2336ee56b,Internal Medicine,4fba62d1-0643-40d0-a2ff-d887dc1d70e6,73,2025-11-25 21:10:07.783944+00:00
84f84087-902c-47b0-930b-78a2336ee56b,Internal Medicine,2245f4dc-1fe9-4413-bc92-de284d06a5e3,165,2025-11-25 21:10:07.784611+00:00
84f84087-902c-47b0-930b-78a2336ee56b,Internal Medicine,afacc702-e12d-484b-bdef-0f3446f89839,48,2025-11-25 21:10:07.785232+00:00
84f84087-902c-47b0-930b-78a2336ee56b,Internal Medicine,9e188d1f-000e-4b19-a608-d60e984bc193,116,2025-11-25 21:10:07.785852+00:00
84f84087-902c-47b0-930b-78a2336ee56b,Pediatrics,aa4b49c3-5aa0-4353-a91e-246313e24c7a,40,2025-11-25 21:10:07.787789+00:00
84f84087-902c-47b0-930b-78a2336ee56b,Pediatrics,f1ce435f-26a1-417e-a44d-f52881e88cd1,93,2025-11-25 21:10:07.788544+00:00
84f84087-902c-47b0-930b-78a2336ee56b,Pediatrics,065a5df4-32ba-4889-a600-e34aa05c72ad,110,2025-11-25 21:10:07.789218+00:00
84f84087-902c-47b0-930b-78a2336ee56b,Pediatrics,f6e5dbe3-0729-44ad-97e8-fc605a76d05b,184,2025-11-25 21:10:07.789912+00:00
84f84087-902c-47b0-930b-78a2336ee56b,Pediatrics,2e6a3a89-fbe3-4e4c-8db0-e7ef444e83af,196,2025-11-25 21:10:07.790564+00:00
84f84087-902c-47b0-930b-78a2336ee56b,Pediatrics,44d96322-ecc3-4c6a-b87b-d0a6788d7a6a,115,2025-11-25 21:10:07.791225+00:00
84f84087-902c-47b0-930b-78a2336ee56b,Pediatrics,31dd65af-29c6-4040-8f89-b4d234a1ae44,96,2025-11-25 21:10:07.791863+00:00
84f84087-902c-47b0-930b-78a2336ee56b,Pediatrics,49d8e7d5-b455-4519-ae6c-a2ed4fb3b600,188,2025-11-25 21:10:07.792502+00:00
84f84087-902c-47b0-930b-78a2336ee56b,Pediatrics,c7e2421b-698d-4121-aca5-d113e348dcda,158,2025-11-25 21:10:07.793144+00:00
84f84087-902c-47b0-930b-78a2336ee56b,Pediatrics,4f35e6c4-8c9d-4aee-bb99-3012fe4d8d12,56,2025-11-25 21:10:07.793773+00:00
84f84087-902c-47b0-930b-78a2336ee56b,Pediatrics,ffdaa757-5a73-46d0-acf4-947259cb1830,23,2025-11-25 21:10:07.794399+00:00
84f84087-902c-47b0-930b-78a2336ee56b,Pediatrics,bd323792-b2db-4bff-822d-65a0e7c81dd8,96,2025-11-25 21:10:07.795029+00:00
84f84087-902c-47b0-930b-78a2336ee56b,Pediatrics,78671fd8-74a4-4906-a91e-ed287bcab4e5,111,2025-11-25 21:10:07.795664+00:00
84f84087-902c-47b0-930b-78a2336ee56b,Pediatrics,3cceba7e-5371-4d7c-b960-c65ac0a2a124,125,2025-11-25 21:10:07.796291+00:00
84f84087-902c-47b0-930b-78a2336ee56b,Pediatrics,73a0fee7-1da3-4168-9bcd-4b3abdfa98a6,55,2025-11-25 21:10:07.796918+00:00
84f84087-902c-47b0-930b-78a2336ee56b,Pediatrics,622dae53-b15b-43f4-8703-e1e52734a1a0,80,2025-11-25 21:10:07.797529+00:00
84f84087-902c-47b0-930b-78a2336ee56b,Pediatrics,4aa56f1f-a184-4d57-9ee4-c4022908d310,26,2025-11-25 21:10:07.798149+00:00
84f84087-902c-47b0-930b-78a2336ee56b,Pediatrics,cd91dfc6-dffa-4a0b-be35-d490dfa97290,112,2025-11-25 21:10:07.798770+00:00
84f84087-902c-47b0-930b-78a2336ee56b,Pediatrics,fc1d3e21-f238-4058-9f4a-1dc483ae81e3,64,2025-11-25 21:10:07.799379+00:00
84f84087-902c-47b0-930b-78a2336ee56b,Pediatrics,35f4ba86-4cb3-45cd-b252-73a9b503ba7e,186,2025-11-25 21:10:07.800006+00:00
84f84087-902c-47b0-930b-78a2336ee56b,Pediatrics,a94dc54c-2a68-49a1-97fd-3a5cb30d10f5,170,2025-11-25 21:10:07.800631+00:00
84f84087-902c-47b0-930b-78a2336ee56b,Pediatrics,44714fe2-28c2-401f-8ae8-b92d0bd73e72,145,2025-11-25 21:10:07.801246+00:00
84f84087-902c-47b0-930b-78a2336ee56b,Pediatrics,a873047e-f0c4-40d3-80cb-f03caed43028,79,2025-11-25 21:10:07.801888+00:00
84f84087-902c-47b0-930b-78a2336ee56b,Pediatrics,b6bd05d9-a03d-4583-a4d8-dc3dfa382188,14,2025-11-25 21:10:07.802507+00:00
84f84087-902c-47b0-930b-78a2336ee56b,Pediatrics,f6193568-6387-41aa-96bb-acd86707974a,182,2025-11-25 21:10:07.803147+00:00
84f84087-902c-47b0-930b-78a2336ee56b,Pediatrics,5e7d6d49-8785-4c0b-96ca-a0da29b33efb,192,2025-11-25 21:10:07.803926+00:00
84f84087-902c-47b0-930b-78a2336ee56b,Pediatrics,eb02906f-9ec6-4598-8fb3-51ac80a5349f,122,2025-11-25 21:10:07.804623+00:00
84f84087-902c-47b0-930b-78a2336ee56b,Pediatrics,39283060-a285-4632-a95b-1528a549bb30,47,2025-11-25 21:10:07.805278+00:00
84f84087-902c-47b0-930b-78a2336ee56b,Pediatrics,0d31180c-3ec5-409f-98fb-ba5b68c681af,50,2025-11-25 21:10:07.805928+00:00
84f84087-902c-47b0-930b-78a2336ee56b,Pediatrics,05d8a01e-58da-4285-a6b4-6b7a624d7dfe,195,2025-11-25 21:10:07.806570+00:00
84f84087-902c-47b0-930b-78a2336ee56b,Pediatrics,a3c27677-6501-4b4c-87dc-be426f7be817,102,2025-11-25 21:10:07.807203+00:00
84f84087-902c-47b0-930b-78a2336ee56b,Pediatrics,e67d3e4f-1683-4661-8ad3-496464a90422,33,2025-11-25 21:10:07.807983+00:00
84f84087-902c-47b0-930b-78a2336ee56b,Pediatrics,81301eb4-6969-4deb-82de-ce3ea9a57265,156,2025-11-25 21:10:07.808708+00:00
84f84087-902c-47b0-930b-78a2336ee56b,Gynecology & Obstetrics,4a928e53-9923-4fe1-970d-5cb0fd69ec3c,158,2025-11-25 21:10:07.809977+00:00
84f84087-902c-47b0-930b-78a2336ee56b,Gynecology & Obstetrics,8a3fee40-aafd-47b5-a4d9-97cd7d965198,149,2025-11-25 21:10:07.810658+00:00
84f84087-902c-47b0-930b-78a2336ee56b,Gynecology & Obstetrics,e841c484-f095-478f-9490-50778421bfa9,24,2025-11-25 21:10:07.811318+00:00
84f84087-902c-47b0-930b-78a2336ee56b,Gynecology & Obstetrics,62deb524-0890-4469-9765-49ada9eb1dc8,22,2025-11-25 21:10:07.811951+00:00
84f84087-902c-47b0-930b-78a2336ee56b,Gynecology & Obstetrics,411baa74-2c3c-4193-93c1-21e5fc02e6ac,146,2025-11-25 21:10:07.812578+00:00
84f84087-902c-47b0-930b-78a2336ee56b,Gynecology & Obstetrics,4525c26c-896d-42e0-b2e1-77fa4a4b3b55,60,2025-11-25 21:10:07.813224+00:00
84f84087-902c-47b0-930b-78a2336ee56b,Gynecology & Obstetrics,a511393e-a482-4fda-b5d2-5c1a1b286455,15,2025-11-25 21:10:07.813850+00:00
84f84087-902c-47b0-930b-78a2336ee56b,Gynecology & Obstetrics,625aac2b-de5d-4293-8c42-8254206dbd7f,75,2025-11-25 21:10:07.814467+00:00
84f84087-902c-47b0-930b-78a2336ee56b,Gynecology & Obstetrics,b06297ab-acc2-4a2e-9c4e-6968c426faa5,157,2025-11-25 21:10:07.815088+00:00
84f84087-902c-47b0-930b-78a2336ee56b,Gynecology & Obstetrics,f9e3c2a0-d0de-4b38-9434-0e40a5079c09,180,2025-11-25 21:10:07.815731+00:00
84f84087-902c-47b0-930b-78a2336ee56b,Gynecology & Obstetrics,7e9a0fcb-a022-4281-af44-ce11801e3c26,92,2025-11-25 21:10:07.816370+00:00
84f84087-902c-47b0-930b-78a2336ee56b,Gynecology & Obstetrics,ef40e3ed-aa19-46d8-a134-a0aa15b97df6,37,2025-11-25 21:10:07.817024+00:00
84f84087-902c-47b0-930b-78a2336ee56b,Gynecology & Obstetrics,864d2e1a-76cf-425e-94b3-edc32f824d22,179,2025-11-25 21:10:07.817658+00:00
84f84087-902c-47b0-930b-78a2336ee56b,Gynecology & Obstetrics,f70f3141-5d23-4c83-b0c9-66d0b9987ad3,130,2025-11-25 21:10:07.818314+00:00
84f84087-902c-47b0-930b-78a2336ee56b,Gynecology & Obstetrics,47573acf-961c-4b20-a2be-af33e473a88d,80,2025-11-25 21:10:07.818927+00:00
84f84087-902c-47b0-930b-78a2336ee56b,Gynecology & Obstetrics,cc51163d-932f-44cd-97d0-3076f2811118,181,2025-11-25 21:10:07.819598+00:00
84f84087-902c-47b0-930b-78a2336ee56b,Gynecology & Obstetrics,ae5a99b9-1f45-4f27-b977-95e8e275e270,23,2025-11-25 21:10:07.820320+00:00
84f84087-902c-47b0-930b-78a2336ee56b,Gynecology & Obstetrics,9a5f0aaf-2666-401e-94d1-4b19372f886d,146,2025-11-25 21:10:07.820982+00:00
84f84087-902c-47b0-930b-78a2336ee56b,Gynecology & Obstetrics,a007a9c6-95be-4d1e-b4a3-b672b681a4da,10,2025-11-25 21:10:07.821633+00:00
84f84087-902c-47b0-930b-78a2336ee56b,Gynecology & Obstetrics,60630059-257a-4703-8304-98d7ef9a27e2,170,2025-11-25 21:10:07.822259+00:00
84f84087-902c-47b0-930b-78a2336ee56b,Gynecology & Obstetrics,cf8a82ac-a9c5-44b0-9b5f-435d3821d159,94,2025-11-25 21:10:07.822909+00:00
84f84087-902c-47b0-930b-78a2336ee56b,Gynecology & Obstetrics,0d0c3d5e-d310-42bd-8755-47583aa39a54,98,2025-11-25 21:10:07.823567+00:00
84f84087-902c-47b0-930b-78a2336ee56b,Gynecology & Obstetrics,8484e8e2-87ef-4ef1-a714-2ebef4a68e71,108,2025-11-25 21:10:07.824204+00:00
84f84087-902c-47b0-930b-78a2336ee56b,Gynecology & Obstetrics,0d14cf40-5c70-443f-96c6-e639c1c06287,195,2025-11-25 21:10:07.824834+00:00
84f84087-902c-47b0-930b-78a2336ee56b,Gynecology & Obstetrics,a5007fce-0b22-4c58-8426-5b15ef518fff,187,2025-11-25 21:10:07.825473+00:00
84f84087-902c-47b0-930b-78a2336ee56b,Gynecology & Obstetrics,21e9d147-727e-4ec9-b4e7-8f1eb25d0591,22,2025-11-25 21:10:07.826110+00:00
84f84087-902c-47b0-930b-78a2336ee56b,Gynecology & Obstetrics,9ca209dd-1eef-4943-a27f-baed1601ce97,174,2025-11-25 21:10:07.826729+00:00
84f84087-902c-47b0-930b-78a2336ee56b,Cardiology,33937d55-a37e-4545-a0ee-e40ba64cdaae,78,2025-11-25 21:10:07.829644+00:00
84f84087-902c-47b0-930b-78a2336ee56b,Cardiology,ac1c5d09-23e6-44b4-8543-126e597b41d9,124,2025-11-25 21:10:07.830376+00:00
84f84087-902c-47b0-930b-78a2336ee56b,Cardiology,b3f87641-d3a6-4891-9aea-413fa8275775,133,2025-11-25 21:10:07.831023+00:00
84f84087-902c-47b0-930b-78a2336ee56b,Cardiology,d393b0f8-fead-4200-ad54-97c4c627b4ef,68,2025-11-25 21:10:07.831644+00:00
84f84087-902c-47b0-930b-78a2336ee56b,Cardiology,d4f0a94b-2dc5-4f58-a578-2158c90e7c47,102,2025-11-25 21:10:07.832276+00:00
84f84087-902c-47b0-930b-78a2336ee56b,Cardiology,073eb937-22fb-496d-9533-9213090f89e2,51,2025-11-25 21:10:07.832897+00:00
84f84087-902c-47b0-930b-78a2336ee56b,Cardiology,6188aa26-a786-4a86-a16b-e06553920c5a,156,2025-11-25 21:10:07.833513+00:00
84f84087-902c-47b0-930b-78a2336ee56b,Cardiology,79d269fe-276f-431f-ac5a-6b813812d8d0,109,2025-11-25 21:10:07.834142+00:00
84f84087-902c-47b0-930b-78a2336ee56b,Cardiology,295d8269-65a7-4252-9be6-b304b50dcfe5,63,2025-11-25 21:10:07.834749+00:00
84f84087-902c-47b0-930b-78a2336ee56b,Cardiology,c121b290-09de-430c-b6c3-fafadd11a05a,94,2025-11-25 21:10:07.835404+00:00
84f84087-902c-47b0-930b-78a2336ee56b,Cardiology,6a2829c9-3b33-4f3a-a3d1-5f4d5272218e,10,2025-11-25 21:10:07.836035+00:00
84f84087-902c-47b0-930b-78a2336ee56b,Cardiology,e7109eda-9675-41ab-b2cc-468dd6fb340b,42,2025-11-25 21:10:07.836677+00:00
84f84087-902c-47b0-930b-78a2336ee56b,Cardiology,2007c0c6-6514-4352-9228-cb3c75bf5882,199,2025-11-25 21:10:07.837300+00:00
84f84087-902c-47b0-930b-78a2336ee56b,Cardiology,76a58aa9-eff5-4a6a-a865-9b3a9fff774e,154,2025-11-25 21:10:07.837971+00:00
84f84087-902c-47b0-930b-78a2336ee56b,Cardiology,37b3410a-c189-421b-b497-01e1dda19bc9,196,2025-11-25 21:10:07.838714+00:00
84f84087-902c-47b0-930b-78a2336ee56b,Cardiology,8ec445bc-011b-43e4-9de7-3ca6ecdc7c3a,78,2025-11-25 21:10:07.839570+00:00
84f84087-902c-47b0-930b-78a2336ee56b,Cardiology,389dd4a5-a0c6-4786-98be-1202c0995fd3,58,2025-11-25 21:10:07.840256+00:00
84f84087-902c-47b0-930b-78a2336ee56b,Cardiology,d3080d1b-33bc-401c-9442-cfb15ef3ad94,122,2025-11-25 21:10:07.840952+00:00
84f84087-902c-47b0-930b-78a2336ee56b,Cardiology,e10a0984-858d-439a-9b4a-8a010e255356,149,2025-11-25 21:10:07.841658+00:00
84f84087-902c-47b0-930b-78a2336ee56b,Cardiology,3160cd8e-1e55-4ddb-bc18-b80f3d8ea41b,181,2025-11-25 21:10:07.842324+00:00
84f84087-902c-47b0-930b-78a2336ee56b,Cardiology,b55f73d5-5d32-4df6-b3f3-544ac05fec48,67,2025-11-25 21:10:07.842961+00:00
84f84087-902c-47b0-930b-78a2336ee56b,Cardiology,4045ba70-75e2-471f-83ad-53909d76beb7,28,2025-11-25 21:10:07.843602+00:00
84f84087-902c-47b0-930b-78a2336ee56b,Cardiology,254ac8aa-c091-4a50-9855-f78618068c12,115,2025-11-25 21:10:07.844225+00:00
84f84087-902c-47b0-930b-78a2336ee56b,Cardiology,ad10d49d-58e3-4042-99ce-f765e21d6f05,153,2025-11-25 21:10:07.844838+00:00
84f84087-902c-47b0-930b-78a2336ee56b,Cardiology,32c8f394-17db-41ed-b91e-a4dab0ca65db,16,2025-11-25 21:10:07.845496+00:00
84f84087-902c-47b0-930b-78a2336ee56b,Cardiology,a7d645c3-3984-4036-a993-51098eee3320,55,2025-11-25 21:10:07.846099+00:00
84f84087-902c-47b0-930b-78a2336ee56b,Cardiology,c79e5272-8f8e-420f-a9bf-ed02f8cc4514,189,2025-11-25 21:10:07.846705+00:00
84f84087-902c-47b0-930b-78a2336ee56b,Cardiology,f8aaddda-78eb-4107-bd1e-b6b63f8c614d,147,2025-11-25 21:10:07.847335+00:00
84f84087-902c-47b0-930b-78a2336ee56b,Cardiology,51b7be2f-7270-4383-a79c-03a4da813414,90,2025-11-25 21:10:07.847945+00:00
84f84087-902c-47b0-930b-78a2336ee56b,Cardiology,d9a0ee47-b84f-4cb8-847b-4a696534f3e7,26,2025-11-25 21:10:07.848552+00:00
84f84087-902c-47b0-930b-78a2336ee56b,Cardiology,346994b0-42d0-495e-9601-076ec5a2aeb8,137,2025-11-25 21:10:07.849195+00:00
84f84087-902c-47b0-930b-78a2336ee56b,Cardiology,85613e67-fd33-40c3-9343-abd5bc83ea09,171,2025-11-25 21:10:07.849800+00:00
84f84087-902c-47b0-930b-78a2336ee56b,Cardiology,dff1b489-9ad1-4622-bfc5-0e75ed0032b4,124,2025-11-25 21:10:07.850405+00:00
84f84087-902c-47b0-930b-78a2336ee56b,Cardiology,7f340c07-7b52-44d1-8baf-3ed4ee16a8b9,47,2025-11-25 21:10:07.851014+00:00
84f84087-902c-47b0-930b-78a2336ee56b,Cardiology,7f4eead2-6a88-4715-a232-9ee1734b3871,26,2025-11-25 21:10:07.851639+00:00
84f84087-902c-47b0-930b-78a2336ee56b,Cardiology,f4e3ba47-5e34-4e81-a312-6f4447dc91a9,133,2025-11-25 21:10:07.852246+00:00
84f84087-902c-47b0-930b-78a2336ee56b,Cardiology,875f0f9f-c98d-4287-af21-802b98e4d061,51,2025-11-25 21:10:07.852875+00:00
84f84087-902c-47b0-930b-78a2336ee56b,Cardiology,6ffb1d44-572a-46cc-9ec7-72cdb16170f2,55,2025-11-25 21:10:07.853548+00:00
84f84087-902c-47b0-930b-78a2336ee56b,Cardiology,26b0f8ce-80f7-42c8-bcc4-0a0715db51ef,169,2025-11-25 21:10:07.854308+00:00
0f3a5e1d-02c0-472d-8fc7-1af75bab1e59,Emergency,cd82fa7f-f8bc-40ec-befd-d29846899546,19,2025-11-25 21:10:07.856600+00:00
0f3a5e1d-02c0-472d-8fc7-1af75bab1e59,Emergency,27ec7f6c-b922-4165-8e17-16b51f180374,59,2025-11-25 21:10:07.857445+00:00
0f3a5e1d-02c0-472d-8fc7-1af75bab1e59,Emergency,43ece4e9-c716-4b63-85f5-25f5ca6f8ac5,151,2025-11-25 21:10:07.858115+00:00
0f3a5e1d-02c0-472d-8fc7-1af75bab1e59,Emergency,e48a122f-2bc6-4172-9994-60452a9717a1,17,2025-11-25 21:10:07.858819+00:00
0f3a5e1d-02c0-472d-8fc7-1af75bab1e59,Emergency,8e88067d-1091-4100-b1ba-7fdeeb79d2e8,45,2025-11-25 21:10:07.859554+00:00
0f3a5e1d-02c0-472d-8fc7-1af75bab1e59,Emergency,3517bcff-909b-415f-ac87-ba1f631f3596,25,2025-11-25 21:10:07.860356+00:00
0f3a5e1d-02c0-472d-8fc7-1af75bab1e59,Emergency,15192a5f-4e67-4034-8b16-d6501e582dde,18,2025-11-25 21:10:07.861121+00:00
0f3a5e1d-02c0-472d-8fc7-1af75bab1e59,Emergency,a41e3028-dbaa-43b4-91f2-0a2bc897efd4,140,2025-11-25 21:10:07.861781+00:00
0f3a5e1d-02c0-472d-8fc7-1af75bab1e59,Emergency,1f2e5121-b063-4252-a07c-85aaadd4f1cd,130,2025-11-25 21:10:07.862435+00:00
0f3a5e1d-02c0-472d-8fc7-1af75bab1e59,Emergency,c0ef31f9-4980-43ef-9158-de8c70fa9152,124,2025-11-25 21:10:07.863111+00:00
0f3a5e1d-02c0-472d-8fc7-1af75bab1e59,Emergency,adcf774c-9ef4-4db1-b42b-6703ba5d9fd1,78,2025-11-25 21:10:07.863750+00:00
0f3a5e1d-02c0-472d-8fc7-1af75bab1e59,Emergency,690a6212-d9a3-4c6a-8475-bdb2bb29427c,151,2025-11-25 21:10:07.864385+00:00
0f3a5e1d-02c0-472d-8fc7-1af75bab1e59,Emergency,b2288713-a97e-4edc-b552-6812891c7e83,73,2025-11-25 21:10:07.865029+00:00
0f3a5e1d-02c0-472d-8fc7-1af75bab1e59,Emergency,764eae95-1a48-4000-832a-82e00b5bbe16,32,2025-11-25 21:10:07.865685+00:00
0f3a5e1d-02c0-472d-8fc7-1af75bab1e59,Emergency,4bbc8b04-4909-4ba6-8aa4-b23ee634ab5f,125,2025-11-25 21:10:07.866320+00:00
0f3a5e1d-02c0-472d-8fc7-1af75bab1e59,Emergency,89ec725b-b2d4-4f30-bd18-6b19aad1d345,23,2025-11-25 21:10:07.866969+00:00
0f3a5e1d-02c0-472d-8fc7-1af75bab1e59,Emergency,97ffb5a6-6832-40bd-8b4a-faed15b2963d,119,2025-11-25 21:10:07.867594+00:00
0f3a5e1d-02c0-472d-8fc7-1af75bab1e59,Emergency,d45ccf92-c435-4027-bc94-134a0ecbd4e9,142,2025-11-25 21:10:07.868218+00:00
0f3a5e1d-02c0-472d-8fc7-1af75bab1e59,Emergency,619da02a-3051-42b8-8b48-37e5c5e325cc,135,2025-11-25 21:10:07.868861+00:00
0f3a5e1d-02c0-472d-8fc7-1af75bab1e59,Emergency,82cfc68e-73e8-425c-a332-9848b05024dd,92,2025-11-25 21:10:07.869494+00:00
0f3a5e1d-02c0-472d-8fc7-1af75bab1e59,Emergency,f08dda97-b7f8-499e-bb31-e5774050ff2a,198,2025-11-25 21:10:07.870410+00:00
0f3a5e1d-02c0-472d-8fc7-1af75bab1e59,Emergency,86c3cc43-8024-431e-9bac-dcc1eea8701a,128,2025-11-25 21:10:07.871180+00:00
0f3a5e1d-02c0-472d-8fc7-1af75bab1e59,Emergency,8018433f-1f5c-4d04-8f5b-7fdb5f5f9e96,177,2025-11-25 21:10:07.871895+00:00
0f3a5e1d-02c0-472d-8fc7-1af75bab1e59,Emergency,04b51ce8-59e9-4a6e-b3ae-b71c62513568,142,2025-11-25 21:10:07.872624+00:00
0f3a5e1d-02c0-472d-8fc7-1af75bab1e59,Emergency,4eb6bb84-6acb-48af-948c-ba321d5f7d53,36,2025-11-25 21:10:07.873317+00:00
0f3a5e1d-02c0-472d-8fc7-1af75bab1e59,Emergency,f0728fb0-1a42-49dc-88a0-c4c1e8cd98fc,86,2025-11-25 21:10:07.873989+00:00
0f3a5e1d-02c0-472d-8fc7-1af75bab1e59,Emergency,c240752c-34b6-4709-8a68-e7660f7f4ac9,54,2025-11-25 21:10:07.874758+00:00
0f3a5e1d-02c0-472d-8fc7-1af75bab1e59,Emergency,e5cefb16-231c-42e0-b72b-d5a6f1ae2916,126,2025-11-25 21:10:07.875481+00:00
0f3a5e1d-02c0-472d-8fc7-1af75bab1e59,Emergency,e9179438-5146-429f-ad84-6e4d7620055c,39,2025-11-25 21:10:07.876167+00:00
0f3a5e1d-02c0-472d-8fc7-1af75bab1e59,Emergency,64339099-7ef4-44fd-99a1-6b132dd56069,56,2025-11-25 21:10:07.876871+00:00
0f3a5e1d-02c0-472d-8fc7-1af75bab1e59,Internal Medicine,3e75c02b-6451-4d2e-9a83-67c1c5fea5b4,37,2025-11-25 21:10:07.878259+00:00
0f3a5e1d-02c0-472d-8fc7-1af75bab1e59,Internal Medicine,1732a78b-1dae-457a-bba4-df140820fe38,126,2025-11-25 21:10:07.879111+00:00
0f3a5e1d-02c0-472d-8fc7-1af75bab1e59,Internal Medicine,50bd4d92-aa02-4e8d-9fb9-cd313dcc52fd,69,2025-11-25 21:10:07.879863+00:00
0f3a5e1d-02c0-472d-8fc7-1af75bab1e59,Internal Medicine,b182a44d-eb75-491d-8450-4bbb63faaf32,50,2025-11-25 21:10:07.880548+00:00
0f3a5e1d-02c0-472d-8fc7-1af75bab1e59,Internal Medicine,cac15bc1-69a1-4ffd-8aaf-bbd4bc449d4b,59,2025-11-25 21:10:07.881220+00:00
0f3a5e1d-02c0-472d-8fc7-1af75bab1e59,Internal Medicine,3b4c6454-bcf8-4bdd-9e41-7e75d74e4174,44,2025-11-25 21:10:07.881907+00:00
0f3a5e1d-02c0-472d-8fc7-1af75bab1e59,Internal Medicine,31b720c8-ca76-4c0b-b295-c402bab97d67,48,2025-11-25 21:10:07.882560+00:00
0f3a5e1d-02c0-472d-8fc7-1af75bab1e59,Internal Medicine,ec9e221d-246b-48a7-9b51-4659753a1a4a,194,2025-11-25 21:10:07.883309+00:00
0f3a5e1d-02c0-472d-8fc7-1af75bab1e59,Internal Medicine,c94a1292-7a13-45d3-b67b-411e9aa17477,180,2025-11-25 21:10:07.883998+00:00
0f3a5e1d-02c0-472d-8fc7-1af75bab1e59,Internal Medicine,b19493af-19f2-4705-bf2a-ffe3d63cc0de,98,2025-11-25 21:10:07.884655+00:00
0f3a5e1d-02c0-472d-8fc7-1af75bab1e59,Internal Medicine,a54e4360-9c6d-44b8-9865-5066d4b32fa1,189,2025-11-25 21:10:07.885506+00:00
0f3a5e1d-02c0-472d-8fc7-1af75bab1e59,Internal Medicine,9167cb82-df2c-4b76-83db-ae4c329e63b5,182,2025-11-25 21:10:07.886563+00:00
0f3a5e1d-02c0-472d-8fc7-1af75bab1e59,Internal Medicine,6c74c337-c5c2-4eb5-8ad7-ea4e72bb0bf0,45,2025-11-25 21:10:07.887311+00:00
0f3a5e1d-02c0-472d-8fc7-1af75bab1e59,Internal Medicine,b6fbcdd8-354f-4fc1-be34-88eec0653313,45,2025-11-25 21:10:07.888000+00:00
0f3a5e1d-02c0-472d-8fc7-1af75bab1e59,Internal Medicine,5c3edb26-bc4f-4f1a-8594-85bf5482b5a1,103,2025-11-25 21:10:07.888663+00:00
0f3a5e1d-02c0-472d-8fc7-1af75bab1e59,Internal Medicine,7847277c-858d-4c72-815b-5463c0d6c1ad,62,2025-11-25 21:10:07.889320+00:00
0f3a5e1d-02c0-472d-8fc7-1af75bab1e59,Internal Medicine,7f18bdd4-7b75-4ea1-9e0d-f40a7bd8e710,131,2025-11-25 21:10:07.889965+00:00
0f3a5e1d-02c0-472d-8fc7-1af75bab1e59,Internal Medicine,4d85e4ee-0755-4553-bd5d-ab6a16f8624c,164,2025-11-25 21:10:07.890592+00:00
0f3a5e1d-02c0-472d-8fc7-1af75bab1e59,Internal Medicine,965d9e14-409a-4d65-95bf-8c714913da15,111,2025-11-25 21:10:07.891215+00:00
0f3a5e1d-02c0-472d-8fc7-1af75bab1e59,Internal Medicine,d3b7e4a0-1a67-48c9-85d1-9551abece144,130,2025-11-25 21:10:07.891860+00:00
0f3a5e1d-02c0-472d-8fc7-1af75bab1e59,Internal Medicine,7e26e7e6-0477-45cb-9228-cfaff0500565,77,2025-11-25 21:10:07.892487+00:00
0f3a5e1d-02c0-472d-8fc7-1af75bab1e59,Internal Medicine,86e79265-2fc3-4a87-90f8-b0c8c2477bbe,176,2025-11-25 21:10:07.893174+00:00
0f3a5e1d-02c0-472d-8fc7-1af75bab1e59,Internal Medicine,169a4db7-7ef6-4957-b1e4-6494691859db,46,2025-11-25 21:10:07.893848+00:00
0f3a5e1d-02c0-472d-8fc7-1af75bab1e59,Internal Medicine,7e2465d8-fa85-4327-b4b4-23f4f5eb7d71,151,2025-11-25 21:10:07.894474+00:00
0f3a5e1d-02c0-472d-8fc7-1af75bab1e59,Internal Medicine,1a25c027-0479-482a-af90-6e6e3f78c692,84,2025-11-25 21:10:07.895098+00:00
0f3a5e1d-02c0-472d-8fc7-1af75bab1e59,Internal Medicine,e1c401ab-a4d7-4dbf-a1c5-9d55e8db797b,85,2025-11-25 21:10:07.895739+00:00
0f3a5e1d-02c0-472d-8fc7-1af75bab1e59,Internal Medicine,d595e791-a905-4988-ac13-5a730890ca29,158,2025-11-25 21:10:07.896422+00:00
0f3a5e1d-02c0-472d-8fc7-1af75bab1e59,Internal Medicine,c19dd47d-69d9-4deb-a412-776d683f702d,185,2025-11-25 21:10:07.897145+00:00
0f3a5e1d-02c0-472d-8fc7-1af75bab1e59,Internal Medicine,c75dbd59-860f-489a-aafe-ab493fd11528,130,2025-11-25 21:10:07.897790+00:00
0f3a5e1d-02c0-472d-8fc7-1af75bab1e59,Internal Medicine,a2881b84-309f-489a-a412-d534ebf43e37,80,2025-11-25 21:10:07.898415+00:00
0f3a5e1d-02c0-472d-8fc7-1af75bab1e59,Internal Medicine,32be78a3-2177-4aed-8546-223187ac269f,143,2025-11-25 21:10:07.899046+00:00
0f3a5e1d-02c0-472d-8fc7-1af75bab1e59,Internal Medicine,20b98bdb-511f-4cbc-b090-bcf1a70b3aa0,157,2025-11-25 21:10:07.899760+00:00
0f3a5e1d-02c0-472d-8fc7-1af75bab1e59,Internal Medicine,b8232415-fc30-4d93-b848-014ea8862b77,195,2025-11-25 21:10:07.900466+00:00
0f3a5e1d-02c0-472d-8fc7-1af75bab1e59,Internal Medicine,b10ffeae-1be0-41e7-93bd-bdfa2142320d,191,2025-11-25 21:10:07.901261+00:00
0f3a5e1d-02c0-472d-8fc7-1af75bab1e59,Internal Medicine,7eff5d3d-694b-4107-94b3-1416785999d7,33,2025-11-25 21:10:07.901980+00:00
0f3a5e1d-02c0-472d-8fc7-1af75bab1e59,Internal Medicine,1ccba835-d05d-478b-8782-891dad4f9989,153,2025-11-25 21:10:07.902714+00:00
0f3a5e1d-02c0-472d-8fc7-1af75bab1e59,Internal Medicine,f13e0758-cc4b-412a-8619-c769c3f19301,186,2025-11-25 21:10:07.903423+00:00
0f3a5e1d-02c0-472d-8fc7-1af75bab1e59,Internal Medicine,e2ac79c4-0377-4a9f-9be9-664d1b38beb4,194,2025-11-25 21:10:07.904120+00:00
0f3a5e1d-02c0-472d-8fc7-1af75bab1e59,Internal Medicine,4fba62d1-0643-40d0-a2ff-d887dc1d70e6,196,2025-11-25 21:10:07.904797+00:00
0f3a5e1d-02c0-472d-8fc7-1af75bab1e59,Internal Medicine,2245f4dc-1fe9-4413-bc92-de284d06a5e3,99,2025-11-25 21:10:07.905524+00:00
0f3a5e1d-02c0-472d-8fc7-1af75bab1e59,Internal Medicine,afacc702-e12d-484b-bdef-0f3446f89839,66,2025-11-25 21:10:07.906195+00:00
0f3a5e1d-02c0-472d-8fc7-1af75bab1e59,Internal Medicine,9e188d1f-000e-4b19-a608-d60e984bc193,118,2025-11-25 21:10:07.906858+00:00
0f3a5e1d-02c0-472d-8fc7-1af75bab1e59,Pediatrics,aa4b49c3-5aa0-4353-a91e-246313e24c7a,137,2025-11-25 21:10:07.909246+00:00
0f3a5e1d-02c0-472d-8fc7-1af75bab1e59,Pediatrics,f1ce435f-26a1-417e-a44d-f52881e88cd1,109,2025-11-25 21:10:07.910174+00:00
0f3a5e1d-02c0-472d-8fc7-1af75bab1e59,Pediatrics,065a5df4-32ba-4889-a600-e34aa05c72ad,161,2025-11-25 21:10:07.910979+00:00
0f3a5e1d-02c0-472d-8fc7-1af75bab1e59,Pediatrics,f6e5dbe3-0729-44ad-97e8-fc605a76d05b,42,2025-11-25 21:10:07.911741+00:00
0f3a5e1d-02c0-472d-8fc7-1af75bab1e59,Pediatrics,2e6a3a89-fbe3-4e4c-8db0-e7ef444e83af,143,2025-11-25 21:10:07.912443+00:00
0f3a5e1d-02c0-472d-8fc7-1af75bab1e59,Pediatrics,44d96322-ecc3-4c6a-b87b-d0a6788d7a6a,34,2025-11-25 21:10:07.913139+00:00
0f3a5e1d-02c0-472d-8fc7-1af75bab1e59,Pediatrics,31dd65af-29c6-4040-8f89-b4d234a1ae44,153,2025-11-25 21:10:07.913806+00:00
0f3a5e1d-02c0-472d-8fc7-1af75bab1e59,Pediatrics,49d8e7d5-b455-4519-ae6c-a2ed4fb3b600,170,2025-11-25 21:10:07.914462+00:00
0f3a5e1d-02c0-472d-8fc7-1af75bab1e59,Pediatrics,c7e2421b-698d-4121-aca5-d113e348dcda,120,2025-11-25 21:10:07.915133+00:00
0f3a5e1d-02c0-472d-8fc7-1af75bab1e59,Pediatrics,4f35e6c4-8c9d-4aee-bb99-3012fe4d8d12,178,2025-11-25 21:10:07.915794+00:00
0f3a5e1d-02c0-472d-8fc7-1af75bab1e59,Pediatrics,ffdaa757-5a73-46d0-acf4-947259cb1830,87,2025-11-25 21:10:07.916529+00:00
0f3a5e1d-02c0-472d-8fc7-1af75bab1e59,Pediatrics,bd323792-b2db-4bff-822d-65a0e7c81dd8,85,2025-11-25 21:10:07.917228+00:00
0f3a5e1d-02c0-472d-8fc7-1af75bab1e59,Pediatrics,78671fd8-74a4-4906-a91e-ed287bcab4e5,171,2025-11-25 21:10:07.917900+00:00
0f3a5e1d-02c0-472d-8fc7-1af75bab1e59,Pediatrics,3cceba7e-5371-4d7c-b960-c65ac0a2a124,119,2025-11-25 21:10:07.918565+00:00
0f3a5e1d-02c0-472d-8fc7-1af75bab1e59,Pediatrics,73a0fee7-1da3-4168-9bcd-4b3abdfa98a6,85,2025-11-25 21:10:07.919225+00:00
0f3a5e1d-02c0-472d-8fc7-1af75bab1e59,Pediatrics,622dae53-b15b-43f4-8703-e1e52734a1a0,124,2025-11-25 21:10:07.919884+00:00
0f3a5e1d-02c0-472d-8fc7-1af75bab1e59,Pediatrics,4aa56f1f-a184-4d57-9ee4-c4022908d310,141,2025-11-25 21:10:07.920579+00:00
0f3a5e1d-02c0-472d-8fc7-1af75bab1e59,Pediatrics,cd91dfc6-dffa-4a0b-be35-d490dfa97290,169,2025-11-25 21:10:07.921319+00:00
0f3a5e1d-02c0-472d-8fc7-1af75bab1e59,Pediatrics,fc1d3e21-f238-4058-9f4a-1dc483ae81e3,127,2025-11-25 21:10:07.922013+00:00
0f3a5e1d-02c0-472d-8fc7-1af75bab1e59,Pediatrics,35f4ba86-4cb3-45cd-b252-73a9b503ba7e,145,2025-11-25 21:10:07.922691+00:00
0f3a5e1d-02c0-472d-8fc7-1af75bab1e59,Pediatrics,a94dc54c-2a68-49a1-97fd-3a5cb30d10f5,96,2025-11-25 21:10:07.923375+00:00
0f3a5e1d-02c0-472d-8fc7-1af75bab1e59,Pediatrics,44714fe2-28c2-401f-8ae8-b92d0bd73e72,189,2025-11-25 21:10:07.924045+00:00
0f3a5e1d-02c0-472d-8fc7-1af75bab1e59,Pediatrics,a873047e-f0c4-40d3-80cb-f03caed43028,108,2025-11-25 21:10:07.924940+00:00
0f3a5e1d-02c0-472d-8fc7-1af75bab1e59,Pediatrics,b6bd05d9-a03d-4583-a4d8-dc3dfa382188,161,2025-11-25 21:10:07.925868+00:00
0f3a5e1d-02c0-472d-8fc7-1af75bab1e59,Pediatrics,f6193568-6387-41aa-96bb-acd86707974a,136,2025-11-25 21:10:07.926592+00:00
0f3a5e1d-02c0-472d-8fc7-1af75bab1e59,Pediatrics,5e7d6d49-8785-4c0b-96ca-a0da29b33efb,86,2025-11-25 21:10:07.927276+00:00
0f3a5e1d-02c0-472d-8fc7-1af75bab1e59,Pediatrics,eb02906f-9ec6-4598-8fb3-51ac80a5349f,38,2025-11-25 21:10:07.927961+00:00
0f3a5e1d-02c0-472d-8fc7-1af75bab1e59,Pediatrics,39283060-a285-4632-a95b-1528a549bb30,48,2025-11-25 21:10:07.928624+00:00
0f3a5e1d-02c0-472d-8fc7-1af75bab1e59,Pediatrics,0d31180c-3ec5-409f-98fb-ba5b68c681af,139,2025-11-25 21:10:07.929277+00:00
0f3a5e1d-02c0-472d-8fc7-1af75bab1e59,Pediatrics,05d8a01e-58da-4285-a6b4-6b7a624d7dfe,25,2025-11-25 21:10:07.929946+00:00
0f3a5e1d-02c0-472d-8fc7-1af75bab1e59,Pediatrics,a3c27677-6501-4b4c-87dc-be426f7be817,46,2025-11-25 21:10:07.930596+00:00
0f3a5e1d-02c0-472d-8fc7-1af75bab1e59,Pediatrics,e67d3e4f-1683-4661-8ad3-496464a90422,103,2025-11-25 21:10:07.931238+00:00
0f3a5e1d-02c0-472d-8fc7-1af75bab1e59,Pediatrics,81301eb4-6969-4deb-82de-ce3ea9a57265,176,2025-11-25 21:10:07.931932+00:00
0f3a5e1d-02c0-472d-8fc7-1af75bab1e59,Gynecology & Obstetrics,4a928e53-9923-4fe1-970d-5cb0fd69ec3c,123,2025-11-25 21:10:07.933747+00:00
0f3a5e1d-02c0-472d-8fc7-1af75bab1e59,Gynecology & Obstetrics,8a3fee40-aafd-47b5-a4d9-97cd7d965198,150,2025-11-25 21:10:07.934559+00:00
0f3a5e1d-02c0-472d-8fc7-1af75bab1e59,Gynecology & Obstetrics,e841c484-f095-478f-9490-50778421bfa9,65,2025-11-25 21:10:07.935350+00:00
0f3a5e1d-02c0-472d-8fc7-1af75bab1e59,Gynecology & Obstetrics,62deb524-0890-4469-9765-49ada9eb1dc8,46,2025-11-25 21:10:07.936041+00:00
0f3a5e1d-02c0-472d-8fc7-1af75bab1e59,Gynecology & Obstetrics,411baa74-2c3c-4193-93c1-21e5fc02e6ac,124,2025-11-25 21:10:07.936713+00:00
0f3a5e1d-02c0-472d-8fc7-1af75bab1e59,Gynecology & Obstetrics,4525c26c-896d-42e0-b2e1-77fa4a4b3b55,105,2025-11-25 21:10:07.937404+00:00
0f3a5e1d-02c0-472d-8fc7-1af75bab1e59,Gynecology & Obstetrics,a511393e-a482-4fda-b5d2-5c1a1b286455,137,2025-11-25 21:10:07.938071+00:00
0f3a5e1d-02c0-472d-8fc7-1af75bab1e59,Gynecology & Obstetrics,625aac2b-de5d-4293-8c42-8254206dbd7f,166,2025-11-25 21:10:07.938731+00:00
0f3a5e1d-02c0-472d-8fc7-1af75bab1e59,Gynecology & Obstetrics,b06297ab-acc2-4a2e-9c4e-6968c426faa5,47,2025-11-25 21:10:07.939401+00:00
0f3a5e1d-02c0-472d-8fc7-1af75bab1e59,Gynecology & Obstetrics,f9e3c2a0-d0de-4b38-9434-0e40a5079c09,169,2025-11-25 21:10:07.940055+00:00
0f3a5e1d-02c0-472d-8fc7-1af75bab1e59,Gynecology & Obstetrics,7e9a0fcb-a022-4281-af44-ce11801e3c26,171,2025-11-25 21:10:07.940704+00:00
0f3a5e1d-02c0-472d-8fc7-1af75bab1e59,Gynecology & Obstetrics,ef40e3ed-aa19-46d8-a134-a0aa15b97df6,138,2025-11-25 21:10:07.941404+00:00
0f3a5e1d-02c0-472d-8fc7-1af75bab1e59,Gynecology & Obstetrics,864d2e1a-76cf-425e-94b3-edc32f824d22,153,2025-11-25 21:10:07.942083+00:00
0f3a5e1d-02c0-472d-8fc7-1af75bab1e59,Gynecology & Obstetrics,f70f3141-5d23-4c83-b0c9-66d0b9987ad3,181,2025-11-25 21:10:07.942754+00:00
0f3a5e1d-02c0-472d-8fc7-1af75bab1e59,Gynecology & Obstetrics,47573acf-961c-4b20-a2be-af33e473a88d,116,2025-11-25 21:10:07.943440+00:00
0f3a5e1d-02c0-472d-8fc7-1af75bab1e59,Gynecology & Obstetrics,cc51163d-932f-44cd-97d0-3076f2811118,189,2025-11-25 21:10:07.944103+00:00
0f3a5e1d-02c0-472d-8fc7-1af75bab1e59,Gynecology & Obstetrics,ae5a99b9-1f45-4f27-b977-95e8e275e270,94,2025-11-25 21:10:07.944764+00:00
0f3a5e1d-02c0-472d-8fc7-1af75bab1e59,Gynecology & Obstetrics,9a5f0aaf-2666-401e-94d1-4b19372f886d,39,2025-11-25 21:10:07.945430+00:00
0f3a5e1d-02c0-472d-8fc7-1af75bab1e59,Gynecology & Obstetrics,a007a9c6-95be-4d1e-b4a3-b672b681a4da,133,2025-11-25 21:10:07.946078+00:00
0f3a5e1d-02c0-472d-8fc7-1af75bab1e59,Gynecology & Obstetrics,60630059-257a-4703-8304-98d7ef9a27e2,102,2025-11-25 21:10:07.946723+00:00
0f3a5e1d-02c0-472d-8fc7-1af75bab1e59,Gynecology & Obstetrics,cf8a82ac-a9c5-44b0-9b5f-435d3821d159,86,2025-11-25 21:10:07.947384+00:00
0f3a5e1d-02c0-472d-8fc7-1af75bab1e59,Gynecology & Obstetrics,0d0c3d5e-d310-42bd-8755-47583aa39a54,48,2025-11-25 21:10:07.948191+00:00
0f3a5e1d-02c0-472d-8fc7-1af75bab1e59,Gynecology & Obstetrics,8484e8e2-87ef-4ef1-a714-2ebef4a68e71,121,2025-11-25 21:10:07.948986+00:00
0f3a5e1d-02c0-472d-8fc7-1af75bab1e59,Gynecology & Obstetrics,0d14cf40-5c70-443f-96c6-e639c1c06287,117,2025-11-25 21:10:07.949715+00:00
0f3a5e1d-02c0-472d-8fc7-1af75bab1e59,Gynecology & Obstetrics,a5007fce-0b22-4c58-8426-5b15ef518fff,131,2025-11-25 21:10:07.950429+00:00
0f3a5e1d-02c0-472d-8fc7-1af75bab1e59,Gynecology & Obstetrics,21e9d147-727e-4ec9-b4e7-8f1eb25d0591,147,2025-11-25 21:10:07.951091+00:00
0f3a5e1d-02c0-472d-8fc7-1af75bab1e59,Gynecology & Obstetrics,9ca209dd-1eef-4943-a27f-baed1601ce97,103,2025-11-25 21:10:07.951770+00:00
1ba5b205-fe89-4163-9ae4-c0d2e0262246,Emergency,cd82fa7f-f8bc-40ec-befd-d29846899546,123,2025-11-25 21:10:07.955152+00:00
1ba5b205-fe89-4163-9ae4-c0d2e0262246,Emergency,27ec7f6c-b922-4165-8e17-16b51f180374,35,2025-11-25 21:10:07.956010+00:00
1ba5b205-fe89-4163-9ae4-c0d2e0262246,Emergency,43ece4e9-c716-4b63-85f5-25f5ca6f8ac5,173,2025-11-25 21:10:07.956692+00:00
1ba5b205-fe89-4163-9ae4-c0d2e0262246,Emergency,e48a122f-2bc6-4172-9994-60452a9717a1,182,2025-11-25 21:10:07.957368+00:00
1ba5b205-fe89-4163-9ae4-c0d2e0262246,Emergency,8e88067d-1091-4100-b1ba-7fdeeb79d2e8,34,2025-11-25 21:10:07.958023+00:00
1ba5b205-fe89-4163-9ae4-c0d2e0262246,Emergency,3517bcff-909b-415f-ac87-ba1f631f3596,109,2025-11-25 21:10:07.958679+00:00
1ba5b205-fe89-4163-9ae4-c0d2e0262246,Emergency,15192a5f-4e67-4034-8b16-d6501e582dde,94,2025-11-25 21:10:07.959345+00:00
1ba5b205-fe89-4163-9ae4-c0d2e0262246,Emergency,a41e3028-dbaa-43b4-91f2-0a2bc897efd4,164,2025-11-25 21:10:07.959987+00:00
1ba5b205-fe89-4163-9ae4-c0d2e0262246,Emergency,1f2e5121-b063-4252-a07c-85aaadd4f1cd,67,2025-11-25 21:10:07.960634+00:00
1ba5b205-fe89-4163-9ae4-c0d2e0262246,Emergency,c0ef31f9-4980-43ef-9158-de8c70fa9152,144,2025-11-25 21:10:07.961293+00:00
1ba5b205-fe89-4163-9ae4-c0d2e0262246,Emergency,adcf774c-9ef4-4db1-b42b-6703ba5d9fd1,32,2025-11-25 21:10:07.961925+00:00
1ba5b205-fe89-4163-9ae4-c0d2e0262246,Emergency,690a6212-d9a3-4c6a-8475-bdb2bb29427c,18,2025-11-25 21:10:07.962556+00:00
1ba5b205-fe89-4163-9ae4-c0d2e0262246,Emergency,b2288713-a97e-4edc-b552-6812891c7e83,61,2025-11-25 21:10:07.963460+00:00
1ba5b205-fe89-4163-9ae4-c0d2e0262246,Emergency,764eae95-1a48-4000-832a-82e00b5bbe16,25,2025-11-25 21:10:07.964585+00:00
1ba5b205-fe89-4163-9ae4-c0d2e0262246,Emergency,4bbc8b04-4909-4ba6-8aa4-b23ee634ab5f,155,2025-11-25 21:10:07.965378+00:00
1ba5b205-fe89-4163-9ae4-c0d2e0262246,Emergency,89ec725b-b2d4-4f30-bd18-6b19aad1d345,200,2025-11-25 21:10:07.966071+00:00
1ba5b205-fe89-4163-9ae4-c0d2e0262246,Emergency,97ffb5a6-6832-40bd-8b4a-faed15b2963d,97,2025-11-25 21:10:07.966747+00:00
1ba5b205-fe89-4163-9ae4-c0d2e0262246,Emergency,d45ccf92-c435-4027-bc94-134a0ecbd4e9,137,2025-11-25 21:10:07.967439+00:00
1ba5b205-fe89-4163-9ae4-c0d2e0262246,Emergency,619da02a-3051-42b8-8b48-37e5c5e325cc,100,2025-11-25 21:10:07.968106+00:00
1ba5b205-fe89-4163-9ae4-c0d2e0262246,Emergency,82cfc68e-73e8-425c-a332-9848b05024dd,49,2025-11-25 21:10:07.968765+00:00
1ba5b205-fe89-4163-9ae4-c0d2e0262246,Emergency,f08dda97-b7f8-499e-bb31-e5774050ff2a,115,2025-11-25 21:10:07.969428+00:00
1ba5b205-fe89-4163-9ae4-c0d2e0262246,Emergency,86c3cc43-8024-431e-9bac-dcc1eea8701a,194,2025-11-25 21:10:07.970086+00:00
1ba5b205-fe89-4163-9ae4-c0d2e0262246,Emergency,8018433f-1f5c-4d04-8f5b-7fdb5f5f9e96,53,2025-11-25 21:10:07.970755+00:00
1ba5b205-fe89-4163-9ae4-c0d2e0262246,Emergency,04b51ce8-59e9-4a6e-b3ae-b71c62513568,61,2025-11-25 21:10:07.971408+00:00
1ba5b205-fe89-4163-9ae4-c0d2e0262246,Emergency,4eb6bb84-6acb-48af-948c-ba321d5f7d53,15,2025-11-25 21:10:07.972060+00:00
1ba5b205-fe89-4163-9ae4-c0d2e0262246,Emergency,f0728fb0-1a42-49dc-88a0-c4c1e8cd98fc,187,2025-11-25 21:10:07.972699+00:00
1ba5b205-fe89-4163-9ae4-c0d2e0262246,Emergency,c240752c-34b6-4709-8a68-e7660f7f4ac9,110,2025-11-25 21:10:07.973420+00:00
1ba5b205-fe89-4163-9ae4-c0d2e0262246,Emergency,e5cefb16-231c-42e0-b72b-d5a6f1ae2916,45,2025-11-25 21:10:07.974098+00:00
1ba5b205-fe89-4163-9ae4-c0d2e0262246,Emergency,e9179438-5146-429f-ad84-6e4d7620055c,169,2025-11-25 21:10:07.974841+00:00
1ba5b205-fe89-4163-9ae4-c0d2e0262246,Emergency,64339099-7ef4-44fd-99a1-6b132dd56069,24,2025-11-25 21:10:07.975518+00:00
1ba5b205-fe89-4163-9ae4-c0d2e0262246,Internal Medicine,3e75c02b-6451-4d2e-9a83-67c1c5fea5b4,117,2025-11-25 21:10:07.976994+00:00
1ba5b205-fe89-4163-9ae4-c0d2e0262246,Internal Medicine,1732a78b-1dae-457a-bba4-df140820fe38,168,2025-11-25 21:10:07.977792+00:00
1ba5b205-fe89-4163-9ae4-c0d2e0262246,Internal Medicine,50bd4d92-aa02-4e8d-9fb9-cd313dcc52fd,131,2025-11-25 21:10:07.978520+00:00
1ba5b205-fe89-4163-9ae4-c0d2e0262246,Internal Medicine,b182a44d-eb75-491d-8450-4bbb63faaf32,114,2025-11-25 21:10:07.979250+00:00
1ba5b205-fe89-4163-9ae4-c0d2e0262246,Internal Medicine,cac15bc1-69a1-4ffd-8aaf-bbd4bc449d4b,185,2025-11-25 21:10:07.979961+00:00
1ba5b205-fe89-4163-9ae4-c0d2e0262246,Internal Medicine,3b4c6454-bcf8-4bdd-9e41-7e75d74e4174,72,2025-11-25 21:10:07.980675+00:00
1ba5b205-fe89-4163-9ae4-c0d2e0262246,Internal Medicine,31b720c8-ca76-4c0b-b295-c402bab97d67,35,2025-11-25 21:10:07.981336+00:00
1ba5b205-fe89-4163-9ae4-c0d2e0262246,Internal Medicine,ec9e221d-246b-48a7-9b51-4659753a1a4a,170,2025-11-25 21:10:07.981994+00:00
1ba5b205-fe89-4163-9ae4-c0d2e0262246,Internal Medicine,c94a1292-7a13-45d3-b67b-411e9aa17477,189,2025-11-25 21:10:07.982711+00:00
1ba5b205-fe89-4163-9ae4-c0d2e0262246,Internal Medicine,b19493af-19f2-4705-bf2a-ffe3d63cc0de,88,2025-11-25 21:10:07.983371+00:00
1ba5b205-fe89-4163-9ae4-c0d2e0262246,Internal Medicine,a54e4360-9c6d-44b8-9865-5066d4b32fa1,191,2025-11-25 21:10:07.984033+00:00
1ba5b205-fe89-4163-9ae4-c0d2e0262246,Internal Medicine,9167cb82-df2c-4b76-83db-ae4c329e63b5,56,2025-11-25 21:10:07.984752+00:00
1ba5b205-fe89-4163-9ae4-c0d2e0262246,Internal Medicine,6c74c337-c5c2-4eb5-8ad7-ea4e72bb0bf0,81,2025-11-25 21:10:07.985409+00:00
1ba5b205-fe89-4163-9ae4-c0d2e0262246,Internal Medicine,b6fbcdd8-354f-4fc1-be34-88eec0653313,179,2025-11-25 21:10:07.986063+00:00
1ba5b205-fe89-4163-9ae4-c0d2e0262246,Internal Medicine,5c3edb26-bc4f-4f1a-8594-85bf5482b5a1,128,2025-11-25 21:10:07.986750+00:00
1ba5b205-fe89-4163-9ae4-c0d2e0262246,Internal Medicine,7847277c-858d-4c72-815b-5463c0d6c1ad,60,2025-11-25 21:10:07.987408+00:00
1ba5b205-fe89-4163-9ae4-c0d2e0262246,Internal Medicine,7f18bdd4-7b75-4ea1-9e0d-f40a7bd8e710,175,2025-11-25 21:10:07.988089+00:00
1ba5b205-fe89-4163-9ae4-c0d2e0262246,Internal Medicine,4d85e4ee-0755-4553-bd5d-ab6a16f8624c,53,2025-11-25 21:10:07.988742+00:00
1ba5b205-fe89-4163-9ae4-c0d2e0262246,Internal Medicine,965d9e14-409a-4d65-95bf-8c714913da15,194,2025-11-25 21:10:07.989392+00:00
1ba5b205-fe89-4163-9ae4-c0d2e0262246,Internal Medicine,d3b7e4a0-1a67-48c9-85d1-9551abece144,200,2025-11-25 21:10:07.990050+00:00
1ba5b205-fe89-4163-9ae4-c0d2e0262246,Internal Medicine,7e26e7e6-0477-45cb-9228-cfaff0500565,52,2025-11-25 21:10:07.990737+00:00
1ba5b205-fe89-4163-9ae4-c0d2e0262246,Internal Medicine,86e79265-2fc3-4a87-90f8-b0c8c2477bbe,34,2025-11-25 21:10:07.991403+00:00
1ba5b205-fe89-4163-9ae4-c0d2e0262246,Internal Medicine,169a4db7-7ef6-4957-b1e4-6494691859db,136,2025-11-25 21:10:07.992092+00:00
1ba5b205-fe89-4163-9ae4-c0d2e0262246,Internal Medicine,7e2465d8-fa85-4327-b4b4-23f4f5eb7d71,160,2025-11-25 21:10:07.992761+00:00
1ba5b205-fe89-4163-9ae4-c0d2e0262246,Internal Medicine,1a25c027-0479-482a-af90-6e6e3f78c692,159,2025-11-25 21:10:07.993451+00:00
1ba5b205-fe89-4163-9ae4-c0d2e0262246,Internal Medicine,e1c401ab-a4d7-4dbf-a1c5-9d55e8db797b,149,2025-11-25 21:10:07.994152+00:00
1ba5b205-fe89-4163-9ae4-c0d2e0262246,Internal Medicine,d595e791-a905-4988-ac13-5a730890ca29,115,2025-11-25 21:10:07.994915+00:00
1ba5b205-fe89-4163-9ae4-c0d2e0262246,Internal Medicine,c19dd47d-69d9-4deb-a412-776d683f702d,55,2025-11-25 21:10:07.995616+00:00
1ba5b205-fe89-4163-9ae4-c0d2e0262246,Internal Medicine,c75dbd59-860f-489a-aafe-ab493fd11528,51,2025-11-25 21:10:07.996309+00:00
1ba5b205-fe89-4163-9ae4-c0d2e0262246,Internal Medicine,a2881b84-309f-489a-a412-d534ebf43e37,104,2025-11-25 21:10:07.996974+00:00
1ba5b205-fe89-4163-9ae4-c0d2e0262246,Internal Medicine,32be78a3-2177-4aed-8546-223187ac269f,193,2025-11-25 21:10:07.997633+00:00
1ba5b205-fe89-4163-9ae4-c0d2e0262246,Internal Medicine,20b98bdb-511f-4cbc-b090-bcf1a70b3aa0,83,2025-11-25 21:10:07.998307+00:00
1ba5b205-fe89-4163-9ae4-c0d2e0262246,Internal Medicine,b8232415-fc30-4d93-b848-014ea8862b77,40,2025-11-25 21:10:07.998962+00:00
1ba5b205-fe89-4163-9ae4-c0d2e0262246,Internal Medicine,b10ffeae-1be0-41e7-93bd-bdfa2142320d,116,2025-11-25 21:10:07.999613+00:00
1ba5b205-fe89-4163-9ae4-c0d2e0262246,Internal Medicine,7eff5d3d-694b-4107-94b3-1416785999d7,120,2025-11-25 21:10:08.000280+00:00
1ba5b205-fe89-4163-9ae4-c0d2e0262246,Internal Medicine,1ccba835-d05d-478b-8782-891dad4f9989,58,2025-11-25 21:10:08.000928+00:00
1ba5b205-fe89-4163-9ae4-c0d2e0262246,Internal Medicine,f13e0758-cc4b-412a-8619-c769c3f19301,45,2025-11-25 21:10:08.001568+00:00
1ba5b205-fe89-4163-9ae4-c0d2e0262246,Internal Medicine,e2ac79c4-0377-4a9f-9be9-664d1b38beb4,98,2025-11-25 21:10:08.002262+00:00
1ba5b205-fe89-4163-9ae4-c0d2e0262246,Internal Medicine,4fba62d1-0643-40d0-a2ff-d887dc1d70e6,158,2025-11-25 21:10:08.002919+00:00
1ba5b205-fe89-4163-9ae4-c0d2e0262246,Internal Medicine,2245f4dc-1fe9-4413-bc92-de284d06a5e3,169,2025-11-25 21:10:08.003564+00:00
1ba5b205-fe89-4163-9ae4-c0d2e0262246,Internal Medicine,afacc702-e12d-484b-bdef-0f3446f89839,148,2025-11-25 21:10:08.004223+00:00
1ba5b205-fe89-4163-9ae4-c0d2e0262246,Internal Medicine,9e188d1f-000e-4b19-a608-d60e984bc193,196,2025-11-25 21:10:08.004864+00:00
1ba5b205-fe89-4163-9ae4-c0d2e0262246,Pediatrics,aa4b49c3-5aa0-4353-a91e-246313e24c7a,197,2025-11-25 21:10:08.006967+00:00
1ba5b205-fe89-4163-9ae4-c0d2e0262246,Pediatrics,f1ce435f-26a1-417e-a44d-f52881e88cd1,146,2025-11-25 21:10:08.007781+00:00
1ba5b205-fe89-4163-9ae4-c0d2e0262246,Pediatrics,065a5df4-32ba-4889-a600-e34aa05c72ad,130,2025-11-25 21:10:08.008480+00:00
1ba5b205-fe89-4163-9ae4-c0d2e0262246,Pediatrics,f6e5dbe3-0729-44ad-97e8-fc605a76d05b,57,2025-11-25 21:10:08.009134+00:00
1ba5b205-fe89-4163-9ae4-c0d2e0262246,Pediatrics,2e6a3a89-fbe3-4e4c-8db0-e7ef444e83af,105,2025-11-25 21:10:08.009779+00:00
1ba5b205-fe89-4163-9ae4-c0d2e0262246,Pediatrics,44d96322-ecc3-4c6a-b87b-d0a6788d7a6a,180,2025-11-25 21:10:08.010516+00:00
1ba5b205-fe89-4163-9ae4-c0d2e0262246,Pediatrics,31dd65af-29c6-4040-8f89-b4d234a1ae44,66,2025-11-25 21:10:08.011214+00:00
1ba5b205-fe89-4163-9ae4-c0d2e0262246,Pediatrics,49d8e7d5-b455-4519-ae6c-a2ed4fb3b600,74,2025-11-25 21:10:08.011876+00:00
1ba5b205-fe89-4163-9ae4-c0d2e0262246,Pediatrics,c7e2421b-698d-4121-aca5-d113e348dcda,86,2025-11-25 21:10:08.012537+00:00
1ba5b205-fe89-4163-9ae4-c0d2e0262246,Pediatrics,4f35e6c4-8c9d-4aee-bb99-3012fe4d8d12,65,2025-11-25 21:10:08.013173+00:00
1ba5b205-fe89-4163-9ae4-c0d2e0262246,Pediatrics,ffdaa757-5a73-46d0-acf4-947259cb1830,196,2025-11-25 21:10:08.013812+00:00
1ba5b205-fe89-4163-9ae4-c0d2e0262246,Pediatrics,bd323792-b2db-4bff-822d-65a0e7c81dd8,76,2025-11-25 21:10:08.014456+00:00
1ba5b205-fe89-4163-9ae4-c0d2e0262246,Pediatrics,78671fd8-74a4-4906-a91e-ed287bcab4e5,182,2025-11-25 21:10:08.015089+00:00
1ba5b205-fe89-4163-9ae4-c0d2e0262246,Pediatrics,3cceba7e-5371-4d7c-b960-c65ac0a2a124,178,2025-11-25 21:10:08.015728+00:00
1ba5b205-fe89-4163-9ae4-c0d2e0262246,Pediatrics,73a0fee7-1da3-4168-9bcd-4b3abdfa98a6,35,2025-11-25 21:10:08.016373+00:00
1ba5b205-fe89-4163-9ae4-c0d2e0262246,Pediatrics,622dae53-b15b-43f4-8703-e1e52734a1a0,33,2025-11-25 21:10:08.017006+00:00
1ba5b205-fe89-4163-9ae4-c0d2e0262246,Pediatrics,4aa56f1f-a184-4d57-9ee4-c4022908d310,37,2025-11-25 21:10:08.017655+00:00
1ba5b205-fe89-4163-9ae4-c0d2e0262246,Pediatrics,cd91dfc6-dffa-4a0b-be35-d490dfa97290,200,2025-11-25 21:10:08.018316+00:00
1ba5b205-fe89-4163-9ae4-c0d2e0262246,Pediatrics,fc1d3e21-f238-4058-9f4a-1dc483ae81e3,155,2025-11-25 21:10:08.018964+00:00
1ba5b205-fe89-4163-9ae4-c0d2e0262246,Pediatrics,35f4ba86-4cb3-45cd-b252-73a9b503ba7e,115,2025-11-25 21:10:08.019632+00:00
1ba5b205-fe89-4163-9ae4-c0d2e0262246,Pediatrics,a94dc54c-2a68-49a1-97fd-3a5cb30d10f5,103,2025-11-25 21:10:08.020296+00:00
1ba5b205-fe89-4163-9ae4-c0d2e0262246,Pediatrics,44714fe2-28c2-401f-8ae8-b92d0bd73e72,60,2025-11-25 21:10:08.020952+00:00
1ba5b205-fe89-4163-9ae4-c0d2e0262246,Pediatrics,a873047e-f0c4-40d3-80cb-f03caed43028,103,2025-11-25 21:10:08.021598+00:00
1ba5b205-fe89-4163-9ae4-c0d2e0262246,Pediatrics,b6bd05d9-a03d-4583-a4d8-dc3dfa382188,97,2025-11-25 21:10:08.022249+00:00
1ba5b205-fe89-4163-9ae4-c0d2e0262246,Pediatrics,f6193568-6387-41aa-96bb-acd86707974a,116,2025-11-25 21:10:08.022890+00:00
1ba5b205-fe89-4163-9ae4-c0d2e0262246,Pediatrics,5e7d6d49-8785-4c0b-96ca-a0da29b33efb,72,2025-11-25 21:10:08.023526+00:00
1ba5b205-fe89-4163-9ae4-c0d2e0262246,Pediatrics,eb02906f-9ec6-4598-8fb3-51ac80a5349f,97,2025-11-25 21:10:08.024163+00:00
1ba5b205-fe89-4163-9ae4-c0d2e0262246,Pediatrics,39283060-a285-4632-a95b-1528a549bb30,191,2025-11-25 21:10:08.024814+00:00
1ba5b205-fe89-4163-9ae4-c0d2e0262246,Pediatrics,0d31180c-3ec5-409f-98fb-ba5b68c681af,104,2025-11-25 21:10:08.025477+00:00
1ba5b205-fe89-4163-9ae4-c0d2e0262246,Pediatrics,05d8a01e-58da-4285-a6b4-6b7a624d7dfe,171,2025-11-25 21:10:08.026110+00:00
1ba5b205-fe89-4163-9ae4-c0d2e0262246,Pediatrics,a3c27677-6501-4b4c-87dc-be426f7be817,122,2025-11-25 21:10:08.026811+00:00
1ba5b205-fe89-4163-9ae4-c0d2e0262246,Pediatrics,e67d3e4f-1683-4661-8ad3-496464a90422,122,2025-11-25 21:10:08.027463+00:00
1ba5b205-fe89-4163-9ae4-c0d2e0262246,Pediatrics,81301eb4-6969-4deb-82de-ce3ea9a57265,20,2025-11-25 21:10:08.028103+00:00
1ba5b205-fe89-4163-9ae4-c0d2e0262246,Gynecology & Obstetrics,4a928e53-9923-4fe1-970d-5cb0fd69ec3c,51,2025-11-25 21:10:08.029537+00:00
1ba5b205-fe89-4163-9ae4-c0d2e0262246,Gynecology & Obstetrics,8a3fee40-aafd-47b5-a4d9-97cd7d965198,98,2025-11-25 21:10:08.030445+00:00
1ba5b205-fe89-4163-9ae4-c0d2e0262246,Gynecology & Obstetrics,e841c484-f095-478f-9490-50778421bfa9,87,2025-11-25 21:10:08.031118+00:00
1ba5b205-fe89-4163-9ae4-c0d2e0262246,Gynecology & Obstetrics,62deb524-0890-4469-9765-49ada9eb1dc8,86,2025-11-25 21:10:08.031769+00:00
1ba5b205-fe89-4163-9ae4-c0d2e0262246,Gynecology & Obstetrics,411baa74-2c3c-4193-93c1-21e5fc02e6ac,116,2025-11-25 21:10:08.032418+00:00
1ba5b205-fe89-4163-9ae4-c0d2e0262246,Gynecology & Obstetrics,4525c26c-896d-42e0-b2e1-77fa4a4b3b55,170,2025-11-25 21:10:08.033080+00:00
1ba5b205-fe89-4163-9ae4-c0d2e0262246,Gynecology & Obstetrics,a511393e-a482-4fda-b5d2-5c1a1b286455,133,2025-11-25 21:10:08.033734+00:00
1ba5b205-fe89-4163-9ae4-c0d2e0262246,Gynecology & Obstetrics,625aac2b-de5d-4293-8c42-8254206dbd7f,168,2025-11-25 21:10:08.034378+00:00
1ba5b205-fe89-4163-9ae4-c0d2e0262246,Gynecology & Obstetrics,b06297ab-acc2-4a2e-9c4e-6968c426faa5,168,2025-11-25 21:10:08.035037+00:00
1ba5b205-fe89-4163-9ae4-c0d2e0262246,Gynecology & Obstetrics,f9e3c2a0-d0de-4b38-9434-0e40a5079c09,140,2025-11-25 21:10:08.035685+00:00
1ba5b205-fe89-4163-9ae4-c0d2e0262246,Gynecology & Obstetrics,7e9a0fcb-a022-4281-af44-ce11801e3c26,94,2025-11-25 21:10:08.036324+00:00
1ba5b205-fe89-4163-9ae4-c0d2e0262246,Gynecology & Obstetrics,ef40e3ed-aa19-46d8-a134-a0aa15b97df6,131,2025-11-25 21:10:08.036991+00:00
1ba5b205-fe89-4163-9ae4-c0d2e0262246,Gynecology & Obstetrics,864d2e1a-76cf-425e-94b3-edc32f824d22,30,2025-11-25 21:10:08.037635+00:00
1ba5b205-fe89-4163-9ae4-c0d2e0262246,Gynecology & Obstetrics,f70f3141-5d23-4c83-b0c9-66d0b9987ad3,30,2025-11-25 21:10:08.038285+00:00
1ba5b205-fe89-4163-9ae4-c0d2e0262246,Gynecology & Obstetrics,47573acf-961c-4b20-a2be-af33e473a88d,12,2025-11-25 21:10:08.038949+00:00
1ba5b205-fe89-4163-9ae4-c0d2e0262246,Gynecology & Obstetrics,cc51163d-932f-44cd-97d0-3076f2811118,191,2025-11-25 21:10:08.039601+00:00
1ba5b205-fe89-4163-9ae4-c0d2e0262246,Gynecology & Obstetrics,ae5a99b9-1f45-4f27-b977-95e8e275e270,158,2025-11-25 21:10:08.040273+00:00
1ba5b205-fe89-4163-9ae4-c0d2e0262246,Gynecology & Obstetrics,9a5f0aaf-2666-401e-94d1-4b19372f886d,108,2025-11-25 21:10:08.040939+00:00
1ba5b205-fe89-4163-9ae4-c0d2e0262246,Gynecology & Obstetrics,a007a9c6-95be-4d1e-b4a3-b672b681a4da,25,2025-11-25 21:10:08.041595+00:00
1ba5b205-fe89-4163-9ae4-c0d2e0262246,Gynecology & Obstetrics,60630059-257a-4703-8304-98d7ef9a27e2,21,2025-11-25 21:10:08.042246+00:00
1ba5b205-fe89-4163-9ae4-c0d2e0262246,Gynecology & Obstetrics,cf8a82ac-a9c5-44b0-9b5f-435d3821d159,140,2025-11-25 21:10:08.043082+00:00
1ba5b205-fe89-4163-9ae4-c0d2e0262246,Gynecology & Obstetrics,0d0c3d5e-d310-42bd-8755-47583aa39a54,95,2025-11-25 21:10:08.043834+00:00
1ba5b205-fe89-4163-9ae4-c0d2e0262246,Gynecology & Obstetrics,8484e8e2-87ef-4ef1-a714-2ebef4a68e71,59,2025-11-25 21:10:08.044521+00:00
1ba5b205-fe89-4163-9ae4-c0d2e0262246,Gynecology & Obstetrics,0d14cf40-5c70-443f-96c6-e639c1c06287,21,2025-11-25 21:10:08.045209+00:00
1ba5b205-fe89-4163-9ae4-c0d2e0262246,Gynecology & Obstetrics,a5007fce-0b22-4c58-8426-5b15ef518fff,164,2025-11-25 21:10:08.045864+00:00
1ba5b205-fe89-4163-9ae4-c0d2e0262246,Gynecology & Obstetrics,21e9d147-727e-4ec9-b4e7-8f1eb25d0591,53,2025-11-25 21:10:08.046512+00:00
1ba5b205-fe89-4163-9ae4-c0d2e0262246,Gynecology & Obstetrics,9ca209dd-1eef-4943-a27f-baed1601ce97,54,2025-11-25 21:10:08.047170+00:00
1ba5b205-fe89-4163-9ae4-c0d2e0262246,Neurology,fd496d7d-36a4-44af-8a27-02bd67f14b95,175,2025-11-25 21:10:08.049815+00:00
1ba5b205-fe89-4163-9ae4-c0d2e0262246,Neurology,868998fa-7086-46dd-8aea-6dc584a4c8f3,166,2025-11-25 21:10:08.050583+00:00
1ba5b205-fe89-4163-9ae4-c0d2e0262246,Neurology,2423d34d-1441-42cd-b43e-4c9145273562,181,2025-11-25 21:10:08.051258+00:00
ab8d0f48-c710-4a30-8846-180bc63321e3,Emergency,cd82fa7f-f8bc-40ec-befd-d29846899546,10,2025-11-25 21:10:08.053840+00:00
ab8d0f48-c710-4a30-8846-180bc63321e3,Emergency,27ec7f6c-b922-4165-8e17-16b51f180374,19,2025-11-25 21:10:08.054621+00:00
ab8d0f48-c710-4a30-8846-180bc63321e3,Emergency,43ece4e9-c716-4b63-85f5-25f5ca6f8ac5,169,2025-11-25 21:10:08.055311+00:00
ab8d0f48-c710-4a30-8846-180bc63321e3,Emergency,e48a122f-2bc6-4172-9994-60452a9717a1,113,2025-11-25 21:10:08.055965+00:00
ab8d0f48-c710-4a30-8846-180bc63321e3,Emergency,8e88067d-1091-4100-b1ba-7fdeeb79d2e8,186,2025-11-25 21:10:08.056611+00:00
ab8d0f48-c710-4a30-8846-180bc63321e3,Emergency,3517bcff-909b-415f-ac87-ba1f631f3596,32,2025-11-25 21:10:08.057280+00:00
ab8d0f48-c710-4a30-8846-180bc63321e3,Emergency,15192a5f-4e67-4034-8b16-d6501e582dde,96,2025-11-25 21:10:08.057964+00:00
ab8d0f48-c710-4a30-8846-180bc63321e3,Emergency,a41e3028-dbaa-43b4-91f2-0a2bc897efd4,148,2025-11-25 21:10:08.058653+00:00
ab8d0f48-c710-4a30-8846-180bc63321e3,Emergency,1f2e5121-b063-4252-a07c-85aaadd4f1cd,69,2025-11-25 21:10:08.059571+00:00
ab8d0f48-c710-4a30-8846-180bc63321e3,Emergency,c0ef31f9-4980-43ef-9158-de8c70fa9152,127,2025-11-25 21:10:08.060361+00:00
ab8d0f48-c710-4a30-8846-180bc63321e3,Emergency,adcf774c-9ef4-4db1-b42b-6703ba5d9fd1,156,2025-11-25 21:10:08.061077+00:00
ab8d0f48-c710-4a30-8846-180bc63321e3,Emergency,690a6212-d9a3-4c6a-8475-bdb2bb29427c,117,2025-11-25 21:10:08.061741+00:00
ab8d0f48-c710-4a30-8846-180bc63321e3,Emergency,b2288713-a97e-4edc-b552-6812891c7e83,105,2025-11-25 21:10:08.062407+00:00
ab8d0f48-c710-4a30-8846-180bc63321e3,Emergency,764eae95-1a48-4000-832a-82e00b5bbe16,107,2025-11-25 21:10:08.063046+00:00
ab8d0f48-c710-4a30-8846-180bc63321e3,Emergency,4bbc8b04-4909-4ba6-8aa4-b23ee634ab5f,101,2025-11-25 21:10:08.063684+00:00
ab8d0f48-c710-4a30-8846-180bc63321e3,Emergency,89ec725b-b2d4-4f30-bd18-6b19aad1d345,200,2025-11-25 21:10:08.064332+00:00
ab8d0f48-c710-4a30-8846-180bc63321e3,Emergency,97ffb5a6-6832-40bd-8b4a-faed15b2963d,26,2025-11-25 21:10:08.064971+00:00
ab8d0f48-c710-4a30-8846-180bc63321e3,Emergency,d45ccf92-c435-4027-bc94-134a0ecbd4e9,153,2025-11-25 21:10:08.065610+00:00
ab8d0f48-c710-4a30-8846-180bc63321e3,Emergency,619da02a-3051-42b8-8b48-37e5c5e325cc,150,2025-11-25 21:10:08.066254+00:00
ab8d0f48-c710-4a30-8846-180bc63321e3,Emergency,82cfc68e-73e8-425c-a332-9848b05024dd,76,2025-11-25 21:10:08.066888+00:00
ab8d0f48-c710-4a30-8846-180bc63321e3,Emergency,f08dda97-b7f8-499e-bb31-e5774050ff2a,188,2025-11-25 21:10:08.067528+00:00
ab8d0f48-c710-4a30-8846-180bc63321e3,Emergency,86c3cc43-8024-431e-9bac-dcc1eea8701a,106,2025-11-25 21:10:08.068164+00:00
ab8d0f48-c710-4a30-8846-180bc63321e3,Emergency,8018433f-1f5c-4d04-8f5b-7fdb5f5f9e96,89,2025-11-25 21:10:08.068844+00:00
ab8d0f48-c710-4a30-8846-180bc63321e3,Emergency,04b51ce8-59e9-4a6e-b3ae-b71c62513568,73,2025-11-25 21:10:08.069481+00:00
ab8d0f48-c710-4a30-8846-180bc63321e3,Emergency,4eb6bb84-6acb-48af-948c-ba321d5f7d53,178,2025-11-25 21:10:08.070189+00:00
ab8d0f48-c710-4a30-8846-180bc63321e3,Emergency,f0728fb0-1a42-49dc-88a0-c4c1e8cd98fc,53,2025-11-25 21:10:08.070841+00:00
ab8d0f48-c710-4a30-8846-180bc63321e3,Emergency,c240752c-34b6-4709-8a68-e7660f7f4ac9,179,2025-11-25 21:10:08.071489+00:00
ab8d0f48-c710-4a30-8846-180bc63321e3,Emergency,e5cefb16-231c-42e0-b72b-d5a6f1ae2916,72,2025-11-25 21:10:08.072130+00:00
ab8d0f48-c710-4a30-8846-180bc63321e3,Emergency,e9179438-5146-429f-ad84-6e4d7620055c,13,2025-11-25 21:10:08.072801+00:00
ab8d0f48-c710-4a30-8846-180bc63321e3,Emergency,64339099-7ef4-44fd-99a1-6b132dd56069,142,2025-11-25 21:10:08.073491+00:00
ab8d0f48-c710-4a30-8846-180bc63321e3,Internal Medicine,3e75c02b-6451-4d2e-9a83-67c1c5fea5b4,106,2025-11-25 21:10:08.074912+00:00
ab8d0f48-c710-4a30-8846-180bc63321e3,Internal Medicine,1732a78b-1dae-457a-bba4-df140820fe38,44,2025-11-25 21:10:08.075748+00:00
ab8d0f48-c710-4a30-8846-180bc63321e3,Internal Medicine,50bd4d92-aa02-4e8d-9fb9-cd313dcc52fd,188,2025-11-25 21:10:08.076460+00:00
ab8d0f48-c710-4a30-8846-180bc63321e3,Internal Medicine,b182a44d-eb75-491d-8450-4bbb63faaf32,181,2025-11-25 21:10:08.077120+00:00
ab8d0f48-c710-4a30-8846-180bc63321e3,Internal Medicine,cac15bc1-69a1-4ffd-8aaf-bbd4bc449d4b,178,2025-11-25 21:10:08.077796+00:00
ab8d0f48-c710-4a30-8846-180bc63321e3,Internal Medicine,3b4c6454-bcf8-4bdd-9e41-7e75d74e4174,178,2025-11-25 21:10:08.078458+00:00
ab8d0f48-c710-4a30-8846-180bc63321e3,Internal Medicine,31b720c8-ca76-4c0b-b295-c402bab97d67,80,2025-11-25 21:10:08.079112+00:00
ab8d0f48-c710-4a30-8846-180bc63321e3,Internal Medicine,ec9e221d-246b-48a7-9b51-4659753a1a4a,106,2025-11-25 21:10:08.079797+00:00
ab8d0f48-c710-4a30-8846-180bc63321e3,Internal Medicine,c94a1292-7a13-45d3-b67b-411e9aa17477,145,2025-11-25 21:10:08.080446+00:00
ab8d0f48-c710-4a30-8846-180bc63321e3,Internal Medicine,b19493af-19f2-4705-bf2a-ffe3d63cc0de,126,2025-11-25 21:10:08.081105+00:00
ab8d0f48-c710-4a30-8846-180bc63321e3,Internal Medicine,a54e4360-9c6d-44b8-9865-5066d4b32fa1,20,2025-11-25 21:10:08.081775+00:00
ab8d0f48-c710-4a30-8846-180bc63321e3,Internal Medicine,9167cb82-df2c-4b76-83db-ae4c329e63b5,56,2025-11-25 21:10:08.082431+00:00
ab8d0f48-c710-4a30-8846-180bc63321e3,Internal Medicine,6c74c337-c5c2-4eb5-8ad7-ea4e72bb0bf0,66,2025-11-25 21:10:08.083069+00:00
ab8d0f48-c710-4a30-8846-180bc63321e3,Internal Medicine,b6fbcdd8-354f-4fc1-be34-88eec0653313,60,2025-11-25 21:10:08.083741+00:00
ab8d0f48-c710-4a30-8846-180bc63321e3,Internal Medicine,5c3edb26-bc4f-4f1a-8594-85bf5482b5a1,98,2025-11-25 21:10:08.084392+00:00
ab8d0f48-c710-4a30-8846-180bc63321e3,Internal Medicine,7847277c-858d-4c72-815b-5463c0d6c1ad,128,2025-11-25 21:10:08.085029+00:00
ab8d0f48-c710-4a30-8846-180bc63321e3,Internal Medicine,7f18bdd4-7b75-4ea1-9e0d-f40a7bd8e710,13,2025-11-25 21:10:08.085712+00:00
ab8d0f48-c710-4a30-8846-180bc63321e3,Internal Medicine,4d85e4ee-0755-4553-bd5d-ab6a16f8624c,89,2025-11-25 21:10:08.086367+00:00
ab8d0f48-c710-4a30-8846-180bc63321e3,Internal Medicine,965d9e14-409a-4d65-95bf-8c714913da15,61,2025-11-25 21:10:08.087057+00:00
ab8d0f48-c710-4a30-8846-180bc63321e3,Internal Medicine,d3b7e4a0-1a67-48c9-85d1-9551abece144,137,2025-11-25 21:10:08.087742+00:00
ab8d0f48-c710-4a30-8846-180bc63321e3,Internal Medicine,7e26e7e6-0477-45cb-9228-cfaff0500565,173,2025-11-25 21:10:08.088523+00:00
ab8d0f48-c710-4a30-8846-180bc63321e3,Internal Medicine,86e79265-2fc3-4a87-90f8-b0c8c2477bbe,96,2025-11-25 21:10:08.089229+00:00
ab8d0f48-c710-4a30-8846-180bc63321e3,Internal Medicine,169a4db7-7ef6-4957-b1e4-6494691859db,156,2025-11-25 21:10:08.089955+00:00
ab8d0f48-c710-4a30-8846-180bc63321e3,Internal Medicine,7e2465d8-fa85-4327-b4b4-23f4f5eb7d71,66,2025-11-25 21:10:08.090713+00:00
ab8d0f48-c710-4a30-8846-180bc63321e3,Internal Medicine,1a25c027-0479-482a-af90-6e6e3f78c692,155,2025-11-25 21:10:08.091416+00:00
ab8d0f48-c710-4a30-8846-180bc63321e3,Internal Medicine,e1c401ab-a4d7-4dbf-a1c5-9d55e8db797b,33,2025-11-25 21:10:08.092066+00:00
ab8d0f48-c710-4a30-8846-180bc63321e3,Internal Medicine,d595e791-a905-4988-ac13-5a730890ca29,148,2025-11-25 21:10:08.092734+00:00
ab8d0f48-c710-4a30-8846-180bc63321e3,Internal Medicine,c19dd47d-69d9-4deb-a412-776d683f702d,72,2025-11-25 21:10:08.093395+00:00
ab8d0f48-c710-4a30-8846-180bc63321e3,Internal Medicine,c75dbd59-860f-489a-aafe-ab493fd11528,111,2025-11-25 21:10:08.094044+00:00
ab8d0f48-c710-4a30-8846-180bc63321e3,Internal Medicine,a2881b84-309f-489a-a412-d534ebf43e37,67,2025-11-25 21:10:08.094718+00:00
ab8d0f48-c710-4a30-8846-180bc63321e3,Internal Medicine,32be78a3-2177-4aed-8546-223187ac269f,15,2025-11-25 21:10:08.095368+00:00
ab8d0f48-c710-4a30-8846-180bc63321e3,Internal Medicine,20b98bdb-511f-4cbc-b090-bcf1a70b3aa0,22,2025-11-25 21:10:08.096005+00:00
ab8d0f48-c710-4a30-8846-180bc63321e3,Internal Medicine,b8232415-fc30-4d93-b848-014ea8862b77,158,2025-11-25 21:10:08.096671+00:00
ab8d0f48-c710-4a30-8846-180bc63321e3,Internal Medicine,b10ffeae-1be0-41e7-93bd-bdfa2142320d,22,2025-11-25 21:10:08.097457+00:00
ab8d0f48-c710-4a30-8846-180bc63321e3,Internal Medicine,7eff5d3d-694b-4107-94b3-1416785999d7,41,2025-11-25 21:10:08.098177+00:00
ab8d0f48-c710-4a30-8846-180bc63321e3,Internal Medicine,1ccba835-d05d-478b-8782-891dad4f9989,134,2025-11-25 21:10:08.098890+00:00
ab8d0f48-c710-4a30-8846-180bc63321e3,Internal Medicine,f13e0758-cc4b-412a-8619-c769c3f19301,150,2025-11-25 21:10:08.099573+00:00
ab8d0f48-c710-4a30-8846-180bc63321e3,Internal Medicine,e2ac79c4-0377-4a9f-9be9-664d1b38beb4,93,2025-11-25 21:10:08.100226+00:00
ab8d0f48-c710-4a30-8846-180bc63321e3,Internal Medicine,4fba62d1-0643-40d0-a2ff-d887dc1d70e6,40,2025-11-25 21:10:08.100933+00:00
ab8d0f48-c710-4a30-8846-180bc63321e3,Internal Medicine,2245f4dc-1fe9-4413-bc92-de284d06a5e3,170,2025-11-25 21:10:08.101592+00:00
ab8d0f48-c710-4a30-8846-180bc63321e3,Internal Medicine,afacc702-e12d-484b-bdef-0f3446f89839,191,2025-11-25 21:10:08.102388+00:00
ab8d0f48-c710-4a30-8846-180bc63321e3,Internal Medicine,9e188d1f-000e-4b19-a608-d60e984bc193,92,2025-11-25 21:10:08.103487+00:00
ab8d0f48-c710-4a30-8846-180bc63321e3,Pediatrics,aa4b49c3-5aa0-4353-a91e-246313e24c7a,162,2025-11-25 21:10:08.105495+00:00
ab8d0f48-c710-4a30-8846-180bc63321e3,Pediatrics,f1ce435f-26a1-417e-a44d-f52881e88cd1,168,2025-11-25 21:10:08.106228+00:00
ab8d0f48-c710-4a30-8846-180bc63321e3,Pediatrics,065a5df4-32ba-4889-a600-e34aa05c72ad,61,2025-11-25 21:10:08.106903+00:00
ab8d0f48-c710-4a30-8846-180bc63321e3,Pediatrics,f6e5dbe3-0729-44ad-97e8-fc605a76d05b,200,2025-11-25 21:10:08.107556+00:00
ab8d0f48-c710-4a30-8846-180bc63321e3,Pediatrics,2e6a3a89-fbe3-4e4c-8db0-e7ef444e83af,79,2025-11-25 21:10:08.108215+00:00
ab8d0f48-c710-4a30-8846-180bc63321e3,Pediatrics,44d96322-ecc3-4c6a-b87b-d0a6788d7a6a,47,2025-11-25 21:10:08.108854+00:00
ab8d0f48-c710-4a30-8846-180bc63321e3,Pediatrics,31dd65af-29c6-4040-8f89-b4d234a1ae44,157,2025-11-25 21:10:08.109489+00:00
ab8d0f48-c710-4a30-8846-180bc63321e3,Pediatrics,49d8e7d5-b455-4519-ae6c-a2ed4fb3b600,197,2025-11-25 21:10:08.110128+00:00
ab8d0f48-c710-4a30-8846-180bc63321e3,Pediatrics,c7e2421b-698d-4121-aca5-d113e348dcda,29,2025-11-25 21:10:08.110760+00:00
ab8d0f48-c710-4a30-8846-180bc63321e3,Pediatrics,4f35e6c4-8c9d-4aee-bb99-3012fe4d8d12,36,2025-11-25 21:10:08.111388+00:00
ab8d0f48-c710-4a30-8846-180bc63321e3,Pediatrics,ffdaa757-5a73-46d0-acf4-947259cb1830,159,2025-11-25 21:10:08.112015+00:00
ab8d0f48-c710-4a30-8846-180bc63321e3,Pediatrics,bd323792-b2db-4bff-822d-65a0e7c81dd8,59,2025-11-25 21:10:08.112657+00:00
ab8d0f48-c710-4a30-8846-180bc63321e3,Pediatrics,78671fd8-74a4-4906-a91e-ed287bcab4e5,29,2025-11-25 21:10:08.113283+00:00
ab8d0f48-c710-4a30-8846-180bc63321e3,Pediatrics,3cceba7e-5371-4d7c-b960-c65ac0a2a124,170,2025-11-25 21:10:08.113921+00:00
ab8d0f48-c710-4a30-8846-180bc63321e3,Pediatrics,73a0fee7-1da3-4168-9bcd-4b3abdfa98a6,194,2025-11-25 21:10:08.114560+00:00
ab8d0f48-c710-4a30-8846-180bc63321e3,Pediatrics,622dae53-b15b-43f4-8703-e1e52734a1a0,131,2025-11-25 21:10:08.115216+00:00
ab8d0f48-c710-4a30-8846-180bc63321e3,Pediatrics,4aa56f1f-a184-4d57-9ee4-c4022908d310,164,2025-11-25 21:10:08.115844+00:00
ab8d0f48-c710-4a30-8846-180bc63321e3,Pediatrics,cd91dfc6-dffa-4a0b-be35-d490dfa97290,119,2025-11-25 21:10:08.116489+00:00
ab8d0f48-c710-4a30-8846-180bc63321e3,Pediatrics,fc1d3e21-f238-4058-9f4a-1dc483ae81e3,81,2025-11-25 21:10:08.117103+00:00
ab8d0f48-c710-4a30-8846-180bc63321e3,Pediatrics,35f4ba86-4cb3-45cd-b252-73a9b503ba7e,35,2025-11-25 21:10:08.117749+00:00
ab8d0f48-c710-4a30-8846-180bc63321e3,Pediatrics,a94dc54c-2a68-49a1-97fd-3a5cb30d10f5,25,2025-11-25 21:10:08.118375+00:00
ab8d0f48-c710-4a30-8846-180bc63321e3,Pediatrics,44714fe2-28c2-401f-8ae8-b92d0bd73e72,107,2025-11-25 21:10:08.119027+00:00
ab8d0f48-c710-4a30-8846-180bc63321e3,Pediatrics,a873047e-f0c4-40d3-80cb-f03caed43028,145,2025-11-25 21:10:08.119675+00:00
ab8d0f48-c710-4a30-8846-180bc63321e3,Pediatrics,b6bd05d9-a03d-4583-a4d8-dc3dfa382188,54,2025-11-25 21:10:08.120424+00:00
ab8d0f48-c710-4a30-8846-180bc63321e3,Pediatrics,f6193568-6387-41aa-96bb-acd86707974a,173,2025-11-25 21:10:08.121121+00:00
ab8d0f48-c710-4a30-8846-180bc63321e3,Pediatrics,5e7d6d49-8785-4c0b-96ca-a0da29b33efb,28,2025-11-25 21:10:08.121804+00:00
ab8d0f48-c710-4a30-8846-180bc63321e3,Pediatrics,eb02906f-9ec6-4598-8fb3-51ac80a5349f,195,2025-11-25 21:10:08.122483+00:00
ab8d0f48-c710-4a30-8846-180bc63321e3,Pediatrics,39283060-a285-4632-a95b-1528a549bb30,94,2025-11-25 21:10:08.123134+00:00
ab8d0f48-c710-4a30-8846-180bc63321e3,Pediatrics,0d31180c-3ec5-409f-98fb-ba5b68c681af,100,2025-11-25 21:10:08.123775+00:00
ab8d0f48-c710-4a30-8846-180bc63321e3,Pediatrics,05d8a01e-58da-4285-a6b4-6b7a624d7dfe,78,2025-11-25 21:10:08.124419+00:00
ab8d0f48-c710-4a30-8846-180bc63321e3,Pediatrics,a3c27677-6501-4b4c-87dc-be426f7be817,67,2025-11-25 21:10:08.125060+00:00
ab8d0f48-c710-4a30-8846-180bc63321e3,Pediatrics,e67d3e4f-1683-4661-8ad3-496464a90422,159,2025-11-25 21:10:08.125689+00:00
ab8d0f48-c710-4a30-8846-180bc63321e3,Pediatrics,81301eb4-6969-4deb-82de-ce3ea9a57265,63,2025-11-25 21:10:08.126331+00:00
ab8d0f48-c710-4a30-8846-180bc63321e3,Gynecology & Obstetrics,4a928e53-9923-4fe1-970d-5cb0fd69ec3c,175,2025-11-25 21:10:08.127685+00:00
ab8d0f48-c710-4a30-8846-180bc63321e3,Gynecology & Obstetrics,8a3fee40-aafd-47b5-a4d9-97cd7d965198,188,2025-11-25 21:10:08.128514+00:00
ab8d0f48-c710-4a30-8846-180bc63321e3,Gynecology & Obstetrics,e841c484-f095-478f-9490-50778421bfa9,58,2025-11-25 21:10:08.129192+00:00
ab8d0f48-c710-4a30-8846-180bc63321e3,Gynecology & Obstetrics,62deb524-0890-4469-9765-49ada9eb1dc8,26,2025-11-25 21:10:08.129851+00:00
ab8d0f48-c710-4a30-8846-180bc63321e3,Gynecology & Obstetrics,411baa74-2c3c-4193-93c1-21e5fc02e6ac,133,2025-11-25 21:10:08.130473+00:00
ab8d0f48-c710-4a30-8846-180bc63321e3,Gynecology & Obstetrics,4525c26c-896d-42e0-b2e1-77fa4a4b3b55,108,2025-11-25 21:10:08.131101+00:00
ab8d0f48-c710-4a30-8846-180bc63321e3,Gynecology & Obstetrics,a511393e-a482-4fda-b5d2-5c1a1b286455,197,2025-11-25 21:10:08.131739+00:00
ab8d0f48-c710-4a30-8846-180bc63321e3,Gynecology & Obstetrics,625aac2b-de5d-4293-8c42-8254206dbd7f,155,2025-11-25 21:10:08.132370+00:00
ab8d0f48-c710-4a30-8846-180bc63321e3,Gynecology & Obstetrics,b06297ab-acc2-4a2e-9c4e-6968c426faa5,60,2025-11-25 21:10:08.133022+00:00
ab8d0f48-c710-4a30-8846-180bc63321e3,Gynecology & Obstetrics,f9e3c2a0-d0de-4b38-9434-0e40a5079c09,127,2025-11-25 21:10:08.133648+00:00
ab8d0f48-c710-4a30-8846-180bc63321e3,Gynecology & Obstetrics,7e9a0fcb-a022-4281-af44-ce11801e3c26,58,2025-11-25 21:10:08.134268+00:00
ab8d0f48-c710-4a30-8846-180bc63321e3,Gynecology & Obstetrics,ef40e3ed-aa19-46d8-a134-a0aa15b97df6,85,2025-11-25 21:10:08.134900+00:00
ab8d0f48-c710-4a30-8846-180bc63321e3,Gynecology & Obstetrics,864d2e1a-76cf-425e-94b3-edc32f824d22,104,2025-11-25 21:10:08.135573+00:00
ab8d0f48-c710-4a30-8846-180bc63321e3,Gynecology & Obstetrics,f70f3141-5d23-4c83-b0c9-66d0b9987ad3,156,2025-11-25 21:10:08.136205+00:00
ab8d0f48-c710-4a30-8846-180bc63321e3,Gynecology & Obstetrics,47573acf-961c-4b20-a2be-af33e473a88d,191,2025-11-25 21:10:08.136859+00:00
ab8d0f48-c710-4a30-8846-180bc63321e3,Gynecology & Obstetrics,cc51163d-932f-44cd-97d0-3076f2811118,146,2025-11-25 21:10:08.137490+00:00
ab8d0f48-c710-4a30-8846-180bc63321e3,Gynecology & Obstetrics,ae5a99b9-1f45-4f27-b977-95e8e275e270,134,2025-11-25 21:10:08.138129+00:00
ab8d0f48-c710-4a30-8846-180bc63321e3,Gynecology & Obstetrics,9a5f0aaf-2666-401e-94d1-4b19372f886d,20,2025-11-25 21:10:08.138775+00:00
ab8d0f48-c710-4a30-8846-180bc63321e3,Gynecology & Obstetrics,a007a9c6-95be-4d1e-b4a3-b672b681a4da,26,2025-11-25 21:10:08.139421+00:00
ab8d0f48-c710-4a30-8846-180bc63321e3,Gynecology & Obstetrics,60630059-257a-4703-8304-98d7ef9a27e2,124,2025-11-25 21:10:08.140146+00:00
ab8d0f48-c710-4a30-8846-180bc63321e3,Gynecology & Obstetrics,cf8a82ac-a9c5-44b0-9b5f-435d3821d159,67,2025-11-25 21:10:08.140842+00:00
ab8d0f48-c710-4a30-8846-180bc63321e3,Gynecology & Obstetrics,0d0c3d5e-d310-42bd-8755-47583aa39a54,185,2025-11-25 21:10:08.141486+00:00
ab8d0f48-c710-4a30-8846-180bc63321e3,Gynecology & Obstetrics,8484e8e2-87ef-4ef1-a714-2ebef4a68e71,115,2025-11-25 21:10:08.142119+00:00
ab8d0f48-c710-4a30-8846-180bc63321e3,Gynecology & Obstetrics,0d14cf40-5c70-443f-96c6-e639c1c06287,198,2025-11-25 21:10:08.142748+00:00
ab8d0f48-c710-4a30-8846-180bc63321e3,Gynecology & Obstetrics,a5007fce-0b22-4c58-8426-5b15ef518fff,41,2025-11-25 21:10:08.143384+00:00
ab8d0f48-c710-4a30-8846-180bc63321e3,Gynecology & Obstetrics,21e9d147-727e-4ec9-b4e7-8f1eb25d0591,38,2025-11-25 21:10:08.144013+00:00
ab8d0f48-c710-4a30-8846-180bc63321e3,Gynecology & Obstetrics,9ca209dd-1eef-4943-a27f-baed1601ce97,114,2025-11-25 21:10:08.144681+00:00
ab8d0f48-c710-4a30-8846-180bc63321e3,Cardiology,33937d55-a37e-4545-a0ee-e40ba64cdaae,119,2025-11-25 21:10:08.147490+00:00
ab8d0f48-c710-4a30-8846-180bc63321e3,Cardiology,ac1c5d09-23e6-44b4-8543-126e597b41d9,162,2025-11-25 21:10:08.148248+00:00
ab8d0f48-c710-4a30-8846-180bc63321e3,Cardiology,b3f87641-d3a6-4891-9aea-413fa8275775,80,2025-11-25 21:10:08.148946+00:00
ab8d0f48-c710-4a30-8846-180bc63321e3,Cardiology,d393b0f8-fead-4200-ad54-97c4c627b4ef,138,2025-11-25 21:10:08.149643+00:00
ab8d0f48-c710-4a30-8846-180bc63321e3,Cardiology,d4f0a94b-2dc5-4f58-a578-2158c90e7c47,76,2025-11-25 21:10:08.150270+00:00
ab8d0f48-c710-4a30-8846-180bc63321e3,Cardiology,073eb937-22fb-496d-9533-9213090f89e2,34,2025-11-25 21:10:08.151162+00:00
ab8d0f48-c710-4a30-8846-180bc63321e3,Cardiology,6188aa26-a786-4a86-a16b-e06553920c5a,124,2025-11-25 21:10:08.151971+00:00
ab8d0f48-c710-4a30-8846-180bc63321e3,Cardiology,79d269fe-276f-431f-ac5a-6b813812d8d0,188,2025-11-25 21:10:08.152638+00:00
ab8d0f48-c710-4a30-8846-180bc63321e3,Cardiology,295d8269-65a7-4252-9be6-b304b50dcfe5,103,2025-11-25 21:10:08.153283+00:00
ab8d0f48-c710-4a30-8846-180bc63321e3,Cardiology,c121b290-09de-430c-b6c3-fafadd11a05a,23,2025-11-25 21:10:08.153930+00:00
ab8d0f48-c710-4a30-8846-180bc63321e3,Cardiology,6a2829c9-3b33-4f3a-a3d1-5f4d5272218e,160,2025-11-25 21:10:08.154550+00:00
ab8d0f48-c710-4a30-8846-180bc63321e3,Cardiology,e7109eda-9675-41ab-b2cc-468dd6fb340b,140,2025-11-25 21:10:08.155182+00:00
ab8d0f48-c710-4a30-8846-180bc63321e3,Cardiology,2007c0c6-6514-4352-9228-cb3c75bf5882,97,2025-11-25 21:10:08.155832+00:00
ab8d0f48-c710-4a30-8846-180bc63321e3,Cardiology,76a58aa9-eff5-4a6a-a865-9b3a9fff774e,121,2025-11-25 21:10:08.156477+00:00
ab8d0f48-c710-4a30-8846-180bc63321e3,Cardiology,37b3410a-c189-421b-b497-01e1dda19bc9,132,2025-11-25 21:10:08.157126+00:00
ab8d0f48-c710-4a30-8846-180bc63321e3,Cardiology,8ec445bc-011b-43e4-9de7-3ca6ecdc7c3a,158,2025-11-25 21:10:08.157779+00:00
ab8d0f48-c710-4a30-8846-180bc63321e3,Cardiology,389dd4a5-a0c6-4786-98be-1202c0995fd3,73,2025-11-25 21:10:08.158421+00:00
ab8d0f48-c710-4a30-8846-180bc63321e3,Cardiology,d3080d1b-33bc-401c-9442-cfb15ef3ad94,77,2025-11-25 21:10:08.159049+00:00
ab8d0f48-c710-4a30-8846-180bc63321e3,Cardiology,e10a0984-858d-439a-9b4a-8a010e255356,74,2025-11-25 21:10:08.159705+00:00
ab8d0f48-c710-4a30-8846-180bc63321e3,Cardiology,3160cd8e-1e55-4ddb-bc18-b80f3d8ea41b,187,2025-11-25 21:10:08.160360+00:00
ab8d0f48-c710-4a30-8846-180bc63321e3,Cardiology,b55f73d5-5d32-4df6-b3f3-544ac05fec48,138,2025-11-25 21:10:08.160999+00:00
ab8d0f48-c710-4a30-8846-180bc63321e3,Cardiology,4045ba70-75e2-471f-83ad-53909d76beb7,157,2025-11-25 21:10:08.161628+00:00
ab8d0f48-c710-4a30-8846-180bc63321e3,Cardiology,254ac8aa-c091-4a50-9855-f78618068c12,183,2025-11-25 21:10:08.162272+00:00
ab8d0f48-c710-4a30-8846-180bc63321e3,Cardiology,ad10d49d-58e3-4042-99ce-f765e21d6f05,21,2025-11-25 21:10:08.162902+00:00
ab8d0f48-c710-4a30-8846-180bc63321e3,Cardiology,32c8f394-17db-41ed-b91e-a4dab0ca65db,14,2025-11-25 21:10:08.163540+00:00
ab8d0f48-c710-4a30-8846-180bc63321e3,Cardiology,a7d645c3-3984-4036-a993-51098eee3320,84,2025-11-25 21:10:08.164178+00:00
ab8d0f48-c710-4a30-8846-180bc63321e3,Cardiology,c79e5272-8f8e-420f-a9bf-ed02f8cc4514,158,2025-11-25 21:10:08.164824+00:00
ab8d0f48-c710-4a30-8846-180bc63321e3,Cardiology,f8aaddda-78eb-4107-bd1e-b6b63f8c614d,22,2025-11-25 21:10:08.165445+00:00
ab8d0f48-c710-4a30-8846-180bc63321e3,Cardiology,51b7be2f-7270-4383-a79c-03a4da813414,38,2025-11-25 21:10:08.166130+00:00
ab8d0f48-c710-4a30-8846-180bc63321e3,Cardiology,d9a0ee47-b84f-4cb8-847b-4a696534f3e7,32,2025-11-25 21:10:08.166760+00:00
ab8d0f48-c710-4a30-8846-180bc63321e3,Cardiology,346994b0-42d0-495e-9601-076ec5a2aeb8,35,2025-11-25 21:10:08.167384+00:00
ab8d0f48-c710-4a30-8846-180bc63321e3,Cardiology,85613e67-fd33-40c3-9343-abd5bc83ea09,33,2025-11-25 21:10:08.168053+00:00
ab8d0f48-c710-4a30-8846-180bc63321e3,Cardiology,dff1b489-9ad1-4622-bfc5-0e75ed0032b4,64,2025-11-25 21:10:08.168685+00:00
ab8d0f48-c710-4a30-8846-180bc63321e3,Cardiology,7f340c07-7b52-44d1-8baf-3ed4ee16a8b9,23,2025-11-25 21:10:08.169365+00:00
ab8d0f48-c710-4a30-8846-180bc63321e3,Cardiology,7f4eead2-6a88-4715-a232-9ee1734b3871,91,2025-11-25 21:10:08.170033+00:00
ab8d0f48-c710-4a30-8846-180bc63321e3,Cardiology,f4e3ba47-5e34-4e81-a312-6f4447dc91a9,158,2025-11-25 21:10:08.170668+00:00
ab8d0f48-c710-4a30-8846-180bc63321e3,Cardiology,875f0f9f-c98d-4287-af21-802b98e4d061,86,2025-11-25 21:10:08.171294+00:00
ab8d0f48-c710-4a30-8846-180bc63321e3,Cardiology,6ffb1d44-572a-46cc-9ec7-72cdb16170f2,12,2025-11-25 21:10:08.171940+00:00
ab8d0f48-c710-4a30-8846-180bc63321e3,Cardiology,26b0f8ce-80f7-42c8-bcc4-0a0715db51ef,80,2025-11-25 21:10:08.172572+00:00
888a951d-2937-4167-a923-857cb5b90c87,Emergency,cd82fa7f-f8bc-40ec-befd-d29846899546,183,2025-11-25 21:10:08.176022+00:00
888a951d-2937-4167-a923-857cb5b90c87,Emergency,27ec7f6c-b922-4165-8e17-16b51f180374,125,2025-11-25 21:10:08.176887+00:00
888a951d-2937-4167-a923-857cb5b90c87,Emergency,43ece4e9-c716-4b63-85f5-25f5ca6f8ac5,146,2025-11-25 21:10:08.177632+00:00
888a951d-2937-4167-a923-857cb5b90c87,Emergency,e48a122f-2bc6-4172-9994-60452a9717a1,64,2025-11-25 21:10:08.178352+00:00
888a951d-2937-4167-a923-857cb5b90c87,Emergency,8e88067d-1091-4100-b1ba-7fdeeb79d2e8,115,2025-11-25 21:10:08.179039+00:00
888a951d-2937-4167-a923-857cb5b90c87,Emergency,3517bcff-909b-415f-ac87-ba1f631f3596,29,2025-11-25 21:10:08.179710+00:00
888a951d-2937-4167-a923-857cb5b90c87,Emergency,15192a5f-4e67-4034-8b16-d6501e582dde,92,2025-11-25 21:10:08.180422+00:00
888a951d-2937-4167-a923-857cb5b90c87,Emergency,a41e3028-dbaa-43b4-91f2-0a2bc897efd4,162,2025-11-25 21:10:08.181257+00:00
888a951d-2937-4167-a923-857cb5b90c87,Emergency,1f2e5121-b063-4252-a07c-85aaadd4f1cd,112,2025-11-25 21:10:08.182062+00:00
888a951d-2937-4167-a923-857cb5b90c87,Emergency,c0ef31f9-4980-43ef-9158-de8c70fa9152,137,2025-11-25 21:10:08.182742+00:00
888a951d-2937-4167-a923-857cb5b90c87,Emergency,adcf774c-9ef4-4db1-b42b-6703ba5d9fd1,50,2025-11-25 21:10:08.183398+00:00
888a951d-2937-4167-a923-857cb5b90c87,Emergency,690a6212-d9a3-4c6a-8475-bdb2bb29427c,14,2025-11-25 21:10:08.184056+00:00
888a951d-2937-4167-a923-857cb5b90c87,Emergency,b2288713-a97e-4edc-b552-6812891c7e83,68,2025-11-25 21:10:08.184688+00:00
888a951d-2937-4167-a923-857cb5b90c87,Emergency,764eae95-1a48-4000-832a-82e00b5bbe16,48,2025-11-25 21:10:08.185318+00:00
888a951d-2937-4167-a923-857cb5b90c87,Emergency,4bbc8b04-4909-4ba6-8aa4-b23ee634ab5f,49,2025-11-25 21:10:08.185960+00:00
888a951d-2937-4167-a923-857cb5b90c87,Emergency,89ec725b-b2d4-4f30-bd18-6b19aad1d345,86,2025-11-25 21:10:08.186596+00:00
888a951d-2937-4167-a923-857cb5b90c87,Emergency,97ffb5a6-6832-40bd-8b4a-faed15b2963d,39,2025-11-25 21:10:08.187231+00:00
888a951d-2937-4167-a923-857cb5b90c87,Emergency,d45ccf92-c435-4027-bc94-134a0ecbd4e9,156,2025-11-25 21:10:08.187876+00:00
888a951d-2937-4167-a923-857cb5b90c87,Emergency,619da02a-3051-42b8-8b48-37e5c5e325cc,121,2025-11-25 21:10:08.188505+00:00
888a951d-2937-4167-a923-857cb5b90c87,Emergency,82cfc68e-73e8-425c-a332-9848b05024dd,131,2025-11-25 21:10:08.189150+00:00
888a951d-2937-4167-a923-857cb5b90c87,Emergency,f08dda97-b7f8-499e-bb31-e5774050ff2a,162,2025-11-25 21:10:08.189815+00:00
888a951d-2937-4167-a923-857cb5b90c87,Emergency,86c3cc43-8024-431e-9bac-dcc1eea8701a,23,2025-11-25 21:10:08.190519+00:00
888a951d-2937-4167-a923-857cb5b90c87,Emergency,8018433f-1f5c-4d04-8f5b-7fdb5f5f9e96,58,2025-11-25 21:10:08.191158+00:00
888a951d-2937-4167-a923-857cb5b90c87,Emergency,04b51ce8-59e9-4a6e-b3ae-b71c62513568,74,2025-11-25 21:10:08.191821+00:00
888a951d-2937-4167-a923-857cb5b90c87,Emergency,4eb6bb84-6acb-48af-948c-ba321d5f7d53,43,2025-11-25 21:10:08.192470+00:00
888a951d-2937-4167-a923-857cb5b90c87,Emergency,f0728fb0-1a42-49dc-88a0-c4c1e8cd98fc,45,2025-11-25 21:10:08.193106+00:00
888a951d-2937-4167-a923-857cb5b90c87,Emergency,c240752c-34b6-4709-8a68-e7660f7f4ac9,52,2025-11-25 21:10:08.193752+00:00
888a951d-2937-4167-a923-857cb5b90c87,Emergency,e5cefb16-231c-42e0-b72b-d5a6f1ae2916,140,2025-11-25 21:10:08.194383+00:00
888a951d-2937-4167-a923-857cb5b90c87,Emergency,e9179438-5146-429f-ad84-6e4d7620055c,23,2025-11-25 21:10:08.195026+00:00
888a951d-2937-4167-a923-857cb5b90c87,Emergency,64339099-7ef4-44fd-99a1-6b132dd56069,189,2025-11-25 21:10:08.195681+00:00
888a951d-2937-4167-a923-857cb5b90c87,Internal Medicine,3e75c02b-6451-4d2e-9a83-67c1c5fea5b4,87,2025-11-25 21:10:08.197078+00:00
888a951d-2937-4167-a923-857cb5b90c87,Internal Medicine,1732a78b-1dae-457a-bba4-df140820fe38,90,2025-11-25 21:10:08.197914+00:00
888a951d-2937-4167-a923-857cb5b90c87,Internal Medicine,50bd4d92-aa02-4e8d-9fb9-cd313dcc52fd,53,2025-11-25 21:10:08.198610+00:00
888a951d-2937-4167-a923-857cb5b90c87,Internal Medicine,b182a44d-eb75-491d-8450-4bbb63faaf32,83,2025-11-25 21:10:08.199250+00:00
888a951d-2937-4167-a923-857cb5b90c87,Internal Medicine,cac15bc1-69a1-4ffd-8aaf-bbd4bc449d4b,26,2025-11-25 21:10:08.199915+00:00
888a951d-2937-4167-a923-857cb5b90c87,Internal Medicine,3b4c6454-bcf8-4bdd-9e41-7e75d74e4174,127,2025-11-25 21:10:08.200568+00:00
888a951d-2937-4167-a923-857cb5b90c87,Internal Medicine,31b720c8-ca76-4c0b-b295-c402bab97d67,82,2025-11-25 21:10:08.201203+00:00
888a951d-2937-4167-a923-857cb5b90c87,Internal Medicine,ec9e221d-246b-48a7-9b51-4659753a1a4a,81,2025-11-25 21:10:08.201890+00:00
888a951d-2937-4167-a923-857cb5b90c87,Internal Medicine,c94a1292-7a13-45d3-b67b-411e9aa17477,162,2025-11-25 21:10:08.202548+00:00
888a951d-2937-4167-a923-857cb5b90c87,Internal Medicine,b19493af-19f2-4705-bf2a-ffe3d63cc0de,144,2025-11-25 21:10:08.203216+00:00
888a951d-2937-4167-a923-857cb5b90c87,Internal Medicine,a54e4360-9c6d-44b8-9865-5066d4b32fa1,188,2025-11-25 21:10:08.203889+00:00
888a951d-2937-4167-a923-857cb5b90c87,Internal Medicine,9167cb82-df2c-4b76-83db-ae4c329e63b5,83,2025-11-25 21:10:08.204585+00:00
888a951d-2937-4167-a923-857cb5b90c87,Internal Medicine,6c74c337-c5c2-4eb5-8ad7-ea4e72bb0bf0,150,2025-11-25 21:10:08.205229+00:00
888a951d-2937-4167-a923-857cb5b90c87,Internal Medicine,b6fbcdd8-354f-4fc1-be34-88eec0653313,173,2025-11-25 21:10:08.205910+00:00
888a951d-2937-4167-a923-857cb5b90c87,Internal Medicine,5c3edb26-bc4f-4f1a-8594-85bf5482b5a1,130,2025-11-25 21:10:08.206568+00:00
888a951d-2937-4167-a923-857cb5b90c87,Internal Medicine,7847277c-858d-4c72-815b-5463c0d6c1ad,61,2025-11-25 21:10:08.207220+00:00
888a951d-2937-4167-a923-857cb5b90c87,Internal Medicine,7f18bdd4-7b75-4ea1-9e0d-f40a7bd8e710,33,2025-11-25 21:10:08.207872+00:00
888a951d-2937-4167-a923-857cb5b90c87,Internal Medicine,4d85e4ee-0755-4553-bd5d-ab6a16f8624c,38,2025-11-25 21:10:08.208524+00:00
888a951d-2937-4167-a923-857cb5b90c87,Internal Medicine,965d9e14-409a-4d65-95bf-8c714913da15,145,2025-11-25 21:10:08.209162+00:00
888a951d-2937-4167-a923-857cb5b90c87,Internal Medicine,d3b7e4a0-1a67-48c9-85d1-9551abece144,85,2025-11-25 21:10:08.209818+00:00
888a951d-2937-4167-a923-857cb5b90c87,Internal Medicine,7e26e7e6-0477-45cb-9228-cfaff0500565,107,2025-11-25 21:10:08.210466+00:00
888a951d-2937-4167-a923-857cb5b90c87,Internal Medicine,86e79265-2fc3-4a87-90f8-b0c8c2477bbe,159,2025-11-25 21:10:08.211102+00:00
888a951d-2937-4167-a923-857cb5b90c87,Internal Medicine,169a4db7-7ef6-4957-b1e4-6494691859db,12,2025-11-25 21:10:08.211794+00:00
888a951d-2937-4167-a923-857cb5b90c87,Internal Medicine,7e2465d8-fa85-4327-b4b4-23f4f5eb7d71,87,2025-11-25 21:10:08.212636+00:00
888a951d-2937-4167-a923-857cb5b90c87,Internal Medicine,1a25c027-0479-482a-af90-6e6e3f78c692,74,2025-11-25 21:10:08.213568+00:00
888a951d-2937-4167-a923-857cb5b90c87,Internal Medicine,e1c401ab-a4d7-4dbf-a1c5-9d55e8db797b,161,2025-11-25 21:10:08.214303+00:00
888a951d-2937-4167-a923-857cb5b90c87,Internal Medicine,d595e791-a905-4988-ac13-5a730890ca29,60,2025-11-25 21:10:08.214955+00:00
888a951d-2937-4167-a923-857cb5b90c87,Internal Medicine,c19dd47d-69d9-4deb-a412-776d683f702d,109,2025-11-25 21:10:08.215580+00:00
888a951d-2937-4167-a923-857cb5b90c87,Internal Medicine,c75dbd59-860f-489a-aafe-ab493fd11528,67,2025-11-25 21:10:08.216204+00:00
888a951d-2937-4167-a923-857cb5b90c87,Internal Medicine,a2881b84-309f-489a-a412-d534ebf43e37,15,2025-11-25 21:10:08.216823+00:00
888a951d-2937-4167-a923-857cb5b90c87,Internal Medicine,32be78a3-2177-4aed-8546-223187ac269f,27,2025-11-25 21:10:08.217445+00:00
888a951d-2937-4167-a923-857cb5b90c87,Internal Medicine,20b98bdb-511f-4cbc-b090-bcf1a70b3aa0,80,2025-11-25 21:10:08.218072+00:00
888a951d-2937-4167-a923-857cb5b90c87,Internal Medicine,b8232415-fc30-4d93-b848-014ea8862b77,30,2025-11-25 21:10:08.218721+00:00
888a951d-2937-4167-a923-857cb5b90c87,Internal Medicine,b10ffeae-1be0-41e7-93bd-bdfa2142320d,86,2025-11-25 21:10:08.219339+00:00
888a951d-2937-4167-a923-857cb5b90c87,Internal Medicine,7eff5d3d-694b-4107-94b3-1416785999d7,178,2025-11-25 21:10:08.220084+00:00
888a951d-2937-4167-a923-857cb5b90c87,Internal Medicine,1ccba835-d05d-478b-8782-891dad4f9989,127,2025-11-25 21:10:08.220727+00:00
888a951d-2937-4167-a923-857cb5b90c87,Internal Medicine,f13e0758-cc4b-412a-8619-c769c3f19301,83,2025-11-25 21:10:08.221439+00:00
888a951d-2937-4167-a923-857cb5b90c87,Internal Medicine,e2ac79c4-0377-4a9f-9be9-664d1b38beb4,179,2025-11-25 21:10:08.222188+00:00
888a951d-2937-4167-a923-857cb5b90c87,Internal Medicine,4fba62d1-0643-40d0-a2ff-d887dc1d70e6,102,2025-11-25 21:10:08.222830+00:00
888a951d-2937-4167-a923-857cb5b90c87,Internal Medicine,2245f4dc-1fe9-4413-bc92-de284d06a5e3,36,2025-11-25 21:10:08.223489+00:00
888a951d-2937-4167-a923-857cb5b90c87,Internal Medicine,afacc702-e12d-484b-bdef-0f3446f89839,78,2025-11-25 21:10:08.224147+00:00
888a951d-2937-4167-a923-857cb5b90c87,Internal Medicine,9e188d1f-000e-4b19-a608-d60e984bc193,182,2025-11-25 21:10:08.224788+00:00
888a951d-2937-4167-a923-857cb5b90c87,Pediatrics,aa4b49c3-5aa0-4353-a91e-246313e24c7a,120,2025-11-25 21:10:08.226819+00:00
888a951d-2937-4167-a923-857cb5b90c87,Pediatrics,f1ce435f-26a1-417e-a44d-f52881e88cd1,174,2025-11-25 21:10:08.227579+00:00
888a951d-2937-4167-a923-857cb5b90c87,Pediatrics,065a5df4-32ba-4889-a600-e34aa05c72ad,41,2025-11-25 21:10:08.228240+00:00
888a951d-2937-4167-a923-857cb5b90c87,Pediatrics,f6e5dbe3-0729-44ad-97e8-fc605a76d05b,60,2025-11-25 21:10:08.228966+00:00
888a951d-2937-4167-a923-857cb5b90c87,Pediatrics,2e6a3a89-fbe3-4e4c-8db0-e7ef444e83af,41,2025-11-25 21:10:08.229654+00:00
888a951d-2937-4167-a923-857cb5b90c87,Pediatrics,44d96322-ecc3-4c6a-b87b-d0a6788d7a6a,62,2025-11-25 21:10:08.230292+00:00
888a951d-2937-4167-a923-857cb5b90c87,Pediatrics,31dd65af-29c6-4040-8f89-b4d234a1ae44,180,2025-11-25 21:10:08.230927+00:00
888a951d-2937-4167-a923-857cb5b90c87,Pediatrics,49d8e7d5-b455-4519-ae6c-a2ed4fb3b600,50,2025-11-25 21:10:08.231589+00:00
888a951d-2937-4167-a923-857cb5b90c87,Pediatrics,c7e2421b-698d-4121-aca5-d113e348dcda,165,2025-11-25 21:10:08.232273+00:00
888a951d-2937-4167-a923-857cb5b90c87,Pediatrics,4f35e6c4-8c9d-4aee-bb99-3012fe4d8d12,194,2025-11-25 21:10:08.232943+00:00
888a951d-2937-4167-a923-857cb5b90c87,Pediatrics,ffdaa757-5a73-46d0-acf4-947259cb1830,145,2025-11-25 21:10:08.233595+00:00
888a951d-2937-4167-a923-857cb5b90c87,Pediatrics,bd323792-b2db-4bff-822d-65a0e7c81dd8,47,2025-11-25 21:10:08.234232+00:00
888a951d-2937-4167-a923-857cb5b90c87,Pediatrics,78671fd8-74a4-4906-a91e-ed287bcab4e5,198,2025-11-25 21:10:08.234871+00:00
888a951d-2937-4167-a923-857cb5b90c87,Pediatrics,3cceba7e-5371-4d7c-b960-c65ac0a2a124,173,2025-11-25 21:10:08.235550+00:00
888a951d-2937-4167-a923-857cb5b90c87,Pediatrics,73a0fee7-1da3-4168-9bcd-4b3abdfa98a6,124,2025-11-25 21:10:08.236183+00:00
888a951d-2937-4167-a923-857cb5b90c87,Pediatrics,622dae53-b15b-43f4-8703-e1e52734a1a0,133,2025-11-25 21:10:08.236853+00:00
888a951d-2937-4167-a923-857cb5b90c87,Pediatrics,4aa56f1f-a184-4d57-9ee4-c4022908d310,188,2025-11-25 21:10:08.237509+00:00
888a951d-2937-4167-a923-857cb5b90c87,Pediatrics,cd91dfc6-dffa-4a0b-be35-d490dfa97290,163,2025-11-25 21:10:08.238150+00:00
888a951d-2937-4167-a923-857cb5b90c87,Pediatrics,fc1d3e21-f238-4058-9f4a-1dc483ae81e3,87,2025-11-25 21:10:08.238794+00:00
888a951d-2937-4167-a923-857cb5b90c87,Pediatrics,35f4ba86-4cb3-45cd-b252-73a9b503ba7e,180,2025-11-25 21:10:08.239444+00:00
888a951d-2937-4167-a923-857cb5b90c87,Pediatrics,a94dc54c-2a68-49a1-97fd-3a5cb30d10f5,30,2025-11-25 21:10:08.240097+00:00
888a951d-2937-4167-a923-857cb5b90c87,Pediatrics,44714fe2-28c2-401f-8ae8-b92d0bd73e72,188,2025-11-25 21:10:08.240818+00:00
888a951d-2937-4167-a923-857cb5b90c87,Pediatrics,a873047e-f0c4-40d3-80cb-f03caed43028,168,2025-11-25 21:10:08.241493+00:00
888a951d-2937-4167-a923-857cb5b90c87,Pediatrics,b6bd05d9-a03d-4583-a4d8-dc3dfa382188,109,2025-11-25 21:10:08.242160+00:00
888a951d-2937-4167-a923-857cb5b90c87,Pediatrics,f6193568-6387-41aa-96bb-acd86707974a,134,2025-11-25 21:10:08.242789+00:00
888a951d-2937-4167-a923-857cb5b90c87,Pediatrics,5e7d6d49-8785-4c0b-96ca-a0da29b33efb,194,2025-11-25 21:10:08.243500+00:00
888a951d-2937-4167-a923-857cb5b90c87,Pediatrics,eb02906f-9ec6-4598-8fb3-51ac80a5349f,70,2025-11-25 21:10:08.244355+00:00
888a951d-2937-4167-a923-857cb5b90c87,Pediatrics,39283060-a285-4632-a95b-1528a549bb30,16,2025-11-25 21:10:08.245159+00:00
888a951d-2937-4167-a923-857cb5b90c87,Pediatrics,0d31180c-3ec5-409f-98fb-ba5b68c681af,106,2025-11-25 21:10:08.245871+00:00
888a951d-2937-4167-a923-857cb5b90c87,Pediatrics,05d8a01e-58da-4285-a6b4-6b7a624d7dfe,134,2025-11-25 21:10:08.246524+00:00
888a951d-2937-4167-a923-857cb5b90c87,Pediatrics,a3c27677-6501-4b4c-87dc-be426f7be817,34,2025-11-25 21:10:08.247176+00:00
888a951d-2937-4167-a923-857cb5b90c87,Pediatrics,e67d3e4f-1683-4661-8ad3-496464a90422,37,2025-11-25 21:10:08.247827+00:00
888a951d-2937-4167-a923-857cb5b90c87,Pediatrics,81301eb4-6969-4deb-82de-ce3ea9a57265,114,2025-11-25 21:10:08.248479+00:00
888a951d-2937-4167-a923-857cb5b90c87,Gynecology & Obstetrics,4a928e53-9923-4fe1-970d-5cb0fd69ec3c,111,2025-11-25 21:10:08.249893+00:00
888a951d-2937-4167-a923-857cb5b90c87,Gynecology & Obstetrics,8a3fee40-aafd-47b5-a4d9-97cd7d965198,16,2025-11-25 21:10:08.250861+00:00
888a951d-2937-4167-a923-857cb5b90c87,Gynecology & Obstetrics,e841c484-f095-478f-9490-50778421bfa9,43,2025-11-25 21:10:08.251538+00:00
888a951d-2937-4167-a923-857cb5b90c87,Gynecology & Obstetrics,62deb524-0890-4469-9765-49ada9eb1dc8,146,2025-11-25 21:10:08.252184+00:00
888a951d-2937-4167-a923-857cb5b90c87,Gynecology & Obstetrics,411baa74-2c3c-4193-93c1-21e5fc02e6ac,197,2025-11-25 21:10:08.252829+00:00
888a951d-2937-4167-a923-857cb5b90c87,Gynecology & Obstetrics,4525c26c-896d-42e0-b2e1-77fa4a4b3b55,10,2025-11-25 21:10:08.253518+00:00
888a951d-2937-4167-a923-857cb5b90c87,Gynecology & Obstetrics,a511393e-a482-4fda-b5d2-5c1a1b286455,93,2025-11-25 21:10:08.254184+00:00
888a951d-2937-4167-a923-857cb5b90c87,Gynecology & Obstetrics,625aac2b-de5d-4293-8c42-8254206dbd7f,15,2025-11-25 21:10:08.254853+00:00
888a951d-2937-4167-a923-857cb5b90c87,Gynecology & Obstetrics,b06297ab-acc2-4a2e-9c4e-6968c426faa5,69,2025-11-25 21:10:08.255513+00:00
888a951d-2937-4167-a923-857cb5b90c87,Gynecology & Obstetrics,f9e3c2a0-d0de-4b38-9434-0e40a5079c09,68,2025-11-25 21:10:08.256141+00:00
888a951d-2937-4167-a923-857cb5b90c87,Gynecology & Obstetrics,7e9a0fcb-a022-4281-af44-ce11801e3c26,168,2025-11-25 21:10:08.256791+00:00
888a951d-2937-4167-a923-857cb5b90c87,Gynecology & Obstetrics,ef40e3ed-aa19-46d8-a134-a0aa15b97df6,167,2025-11-25 21:10:08.257490+00:00
888a951d-2937-4167-a923-857cb5b90c87,Gynecology & Obstetrics,864d2e1a-76cf-425e-94b3-edc32f824d22,75,2025-11-25 21:10:08.258145+00:00
888a951d-2937-4167-a923-857cb5b90c87,Gynecology & Obstetrics,f70f3141-5d23-4c83-b0c9-66d0b9987ad3,77,2025-11-25 21:10:08.258776+00:00
888a951d-2937-4167-a923-857cb5b90c87,Gynecology & Obstetrics,47573acf-961c-4b20-a2be-af33e473a88d,171,2025-11-25 21:10:08.259429+00:00
888a951d-2937-4167-a923-857cb5b90c87,Gynecology & Obstetrics,cc51163d-932f-44cd-97d0-3076f2811118,194,2025-11-25 21:10:08.260475+00:00
888a951d-2937-4167-a923-857cb5b90c87,Gynecology & Obstetrics,ae5a99b9-1f45-4f27-b977-95e8e275e270,199,2025-11-25 21:10:08.261457+00:00
888a951d-2937-4167-a923-857cb5b90c87,Gynecology & Obstetrics,9a5f0aaf-2666-401e-94d1-4b19372f886d,48,2025-11-25 21:10:08.262202+00:00
888a951d-2937-4167-a923-857cb5b90c87,Gynecology & Obstetrics,a007a9c6-95be-4d1e-b4a3-b672b681a4da,101,2025-11-25 21:10:08.262889+00:00
888a951d-2937-4167-a923-857cb5b90c87,Gynecology & Obstetrics,60630059-257a-4703-8304-98d7ef9a27e2,198,2025-11-25 21:10:08.263550+00:00
888a951d-2937-4167-a923-857cb5b90c87,Gynecology & Obstetrics,cf8a82ac-a9c5-44b0-9b5f-435d3821d159,78,2025-11-25 21:10:08.264197+00:00
888a951d-2937-4167-a923-857cb5b90c87,Gynecology & Obstetrics,0d0c3d5e-d310-42bd-8755-47583aa39a54,33,2025-11-25 21:10:08.264844+00:00
888a951d-2937-4167-a923-857cb5b90c87,Gynecology & Obstetrics,8484e8e2-87ef-4ef1-a714-2ebef4a68e71,135,2025-11-25 21:10:08.265493+00:00
888a951d-2937-4167-a923-857cb5b90c87,Gynecology & Obstetrics,0d14cf40-5c70-443f-96c6-e639c1c06287,46,2025-11-25 21:10:08.266131+00:00
888a951d-2937-4167-a923-857cb5b90c87,Gynecology & Obstetrics,a5007fce-0b22-4c58-8426-5b15ef518fff,11,2025-11-25 21:10:08.266782+00:00
888a951d-2937-4167-a923-857cb5b90c87,Gynecology & Obstetrics,21e9d147-727e-4ec9-b4e7-8f1eb25d0591,114,2025-11-25 21:10:08.267416+00:00
888a951d-2937-4167-a923-857cb5b90c87,Gynecology & Obstetrics,9ca209dd-1eef-4943-a27f-baed1601ce97,92,2025-11-25 21:10:08.268071+00:00
888a951d-2937-4167-a923-857cb5b90c87,Neurology,fd496d7d-36a4-44af-8a27-02bd67f14b95,65,2025-11-25 21:10:08.270857+00:00
888a951d-2937-4167-a923-857cb5b90c87,Neurology,868998fa-7086-46dd-8aea-6dc584a4c8f3,81,2025-11-25 21:10:08.271586+00:00
888a951d-2937-4167-a923-857cb5b90c87,Neurology,2423d34d-1441-42cd-b43e-4c9145273562,103,2025-11-25 21:10:08.272255+00:00
888a951d-2937-4167-a923-857cb5b90c87,ENT,46c790d9-d900-4a20-ab42-b588f8d06b18,86,2025-11-25 21:10:08.274202+00:00
888a951d-2937-4167-a923-857cb5b90c87,ENT,96a876ad-f5c6-44fd-8e46-2ec8fa2df4b3,44,2025-11-25 21:10:08.275015+00:00
888a951d-2937-4167-a923-857cb5b90c87,ENT,9ac621ee-784f-4783-9faf-34187b45e5ef,23,2025-11-25 21:10:08.275809+00:00
10e02a7a-0907-4686-9205-ab89a961f8d0,Emergency,cd82fa7f-f8bc-40ec-befd-d29846899546,153,2025-11-25 21:10:08.277799+00:00
10e02a7a-0907-4686-9205-ab89a961f8d0,Emergency,27ec7f6c-b922-4165-8e17-16b51f180374,180,2025-11-25 21:10:08.278506+00:00
10e02a7a-0907-4686-9205-ab89a961f8d0,Emergency,43ece4e9-c716-4b63-85f5-25f5ca6f8ac5,163,2025-11-25 21:10:08.279187+00:00
10e02a7a-0907-4686-9205-ab89a961f8d0,Emergency,e48a122f-2bc6-4172-9994-60452a9717a1,179,2025-11-25 21:10:08.279843+00:00
10e02a7a-0907-4686-9205-ab89a961f8d0,Emergency,8e88067d-1091-4100-b1ba-7fdeeb79d2e8,192,2025-11-25 21:10:08.280517+00:00
10e02a7a-0907-4686-9205-ab89a961f8d0,Emergency,3517bcff-909b-415f-ac87-ba1f631f3596,84,2025-11-25 21:10:08.281162+00:00
10e02a7a-0907-4686-9205-ab89a961f8d0,Emergency,15192a5f-4e67-4034-8b16-d6501e582dde,78,2025-11-25 21:10:08.281800+00:00
10e02a7a-0907-4686-9205-ab89a961f8d0,Emergency,a41e3028-dbaa-43b4-91f2-0a2bc897efd4,45,2025-11-25 21:10:08.282452+00:00
10e02a7a-0907-4686-9205-ab89a961f8d0,Emergency,1f2e5121-b063-4252-a07c-85aaadd4f1cd,20,2025-11-25 21:10:08.283103+00:00
10e02a7a-0907-4686-9205-ab89a961f8d0,Emergency,c0ef31f9-4980-43ef-9158-de8c70fa9152,90,2025-11-25 21:10:08.283740+00:00
10e02a7a-0907-4686-9205-ab89a961f8d0,Emergency,adcf774c-9ef4-4db1-b42b-6703ba5d9fd1,103,2025-11-25 21:10:08.284391+00:00
10e02a7a-0907-4686-9205-ab89a961f8d0,Emergency,690a6212-d9a3-4c6a-8475-bdb2bb29427c,55,2025-11-25 21:10:08.285051+00:00
10e02a7a-0907-4686-9205-ab89a961f8d0,Emergency,b2288713-a97e-4edc-b552-6812891c7e83,65,2025-11-25 21:10:08.285693+00:00
10e02a7a-0907-4686-9205-ab89a961f8d0,Emergency,764eae95-1a48-4000-832a-82e00b5bbe16,105,2025-11-25 21:10:08.286343+00:00
10e02a7a-0907-4686-9205-ab89a961f8d0,Emergency,4bbc8b04-4909-4ba6-8aa4-b23ee634ab5f,85,2025-11-25 21:10:08.287024+00:00
10e02a7a-0907-4686-9205-ab89a961f8d0,Emergency,89ec725b-b2d4-4f30-bd18-6b19aad1d345,189,2025-11-25 21:10:08.287667+00:00
10e02a7a-0907-4686-9205-ab89a961f8d0,Emergency,97ffb5a6-6832-40bd-8b4a-faed15b2963d,56,2025-11-25 21:10:08.288311+00:00
10e02a7a-0907-4686-9205-ab89a961f8d0,Emergency,d45ccf92-c435-4027-bc94-134a0ecbd4e9,97,2025-11-25 21:10:08.288966+00:00
10e02a7a-0907-4686-9205-ab89a961f8d0,Emergency,619da02a-3051-42b8-8b48-37e5c5e325cc,92,2025-11-25 21:10:08.289638+00:00
10e02a7a-0907-4686-9205-ab89a961f8d0,Emergency,82cfc68e-73e8-425c-a332-9848b05024dd,18,2025-11-25 21:10:08.290343+00:00
10e02a7a-0907-4686-9205-ab89a961f8d0,Emergency,f08dda97-b7f8-499e-bb31-e5774050ff2a,49,2025-11-25 21:10:08.291443+00:00
10e02a7a-0907-4686-9205-ab89a961f8d0,Emergency,86c3cc43-8024-431e-9bac-dcc1eea8701a,34,2025-11-25 21:10:08.292264+00:00
10e02a7a-0907-4686-9205-ab89a961f8d0,Emergency,8018433f-1f5c-4d04-8f5b-7fdb5f5f9e96,84,2025-11-25 21:10:08.292992+00:00
10e02a7a-0907-4686-9205-ab89a961f8d0,Emergency,04b51ce8-59e9-4a6e-b3ae-b71c62513568,51,2025-11-25 21:10:08.293684+00:00
10e02a7a-0907-4686-9205-ab89a961f8d0,Emergency,4eb6bb84-6acb-48af-948c-ba321d5f7d53,51,2025-11-25 21:10:08.294339+00:00
10e02a7a-0907-4686-9205-ab89a961f8d0,Emergency,f0728fb0-1a42-49dc-88a0-c4c1e8cd98fc,104,2025-11-25 21:10:08.295057+00:00
10e02a7a-0907-4686-9205-ab89a961f8d0,Emergency,c240752c-34b6-4709-8a68-e7660f7f4ac9,23,2025-11-25 21:10:08.295709+00:00
10e02a7a-0907-4686-9205-ab89a961f8d0,Emergency,e5cefb16-231c-42e0-b72b-d5a6f1ae2916,57,2025-11-25 21:10:08.296347+00:00
10e02a7a-0907-4686-9205-ab89a961f8d0,Emergency,e9179438-5146-429f-ad84-6e4d7620055c,30,2025-11-25 21:10:08.296988+00:00
10e02a7a-0907-4686-9205-ab89a961f8d0,Emergency,64339099-7ef4-44fd-99a1-6b132dd56069,196,2025-11-25 21:10:08.297641+00:00
10e02a7a-0907-4686-9205-ab89a961f8d0,Internal Medicine,3e75c02b-6451-4d2e-9a83-67c1c5fea5b4,35,2025-11-25 21:10:08.299012+00:00
10e02a7a-0907-4686-9205-ab89a961f8d0,Internal Medicine,1732a78b-1dae-457a-bba4-df140820fe38,116,2025-11-25 21:10:08.299842+00:00
10e02a7a-0907-4686-9205-ab89a961f8d0,Internal Medicine,50bd4d92-aa02-4e8d-9fb9-cd313dcc52fd,61,2025-11-25 21:10:08.300534+00:00
10e02a7a-0907-4686-9205-ab89a961f8d0,Internal Medicine,b182a44d-eb75-491d-8450-4bbb63faaf32,62,2025-11-25 21:10:08.301186+00:00
10e02a7a-0907-4686-9205-ab89a961f8d0,Internal Medicine,cac15bc1-69a1-4ffd-8aaf-bbd4bc449d4b,146,2025-11-25 21:10:08.301841+00:00
10e02a7a-0907-4686-9205-ab89a961f8d0,Internal Medicine,3b4c6454-bcf8-4bdd-9e41-7e75d74e4174,158,2025-11-25 21:10:08.302491+00:00
10e02a7a-0907-4686-9205-ab89a961f8d0,Internal Medicine,31b720c8-ca76-4c0b-b295-c402bab97d67,121,2025-11-25 21:10:08.303135+00:00
10e02a7a-0907-4686-9205-ab89a961f8d0,Internal Medicine,ec9e221d-246b-48a7-9b51-4659753a1a4a,136,2025-11-25 21:10:08.303804+00:00
10e02a7a-0907-4686-9205-ab89a961f8d0,Internal Medicine,c94a1292-7a13-45d3-b67b-411e9aa17477,118,2025-11-25 21:10:08.304455+00:00
10e02a7a-0907-4686-9205-ab89a961f8d0,Internal Medicine,b19493af-19f2-4705-bf2a-ffe3d63cc0de,106,2025-11-25 21:10:08.305101+00:00
10e02a7a-0907-4686-9205-ab89a961f8d0,Internal Medicine,a54e4360-9c6d-44b8-9865-5066d4b32fa1,41,2025-11-25 21:10:08.305743+00:00
10e02a7a-0907-4686-9205-ab89a961f8d0,Internal Medicine,9167cb82-df2c-4b76-83db-ae4c329e63b5,135,2025-11-25 21:10:08.306501+00:00
10e02a7a-0907-4686-9205-ab89a961f8d0,Internal Medicine,6c74c337-c5c2-4eb5-8ad7-ea4e72bb0bf0,31,2025-11-25 21:10:08.307228+00:00
10e02a7a-0907-4686-9205-ab89a961f8d0,Internal Medicine,b6fbcdd8-354f-4fc1-be34-88eec0653313,168,2025-11-25 21:10:08.307917+00:00
10e02a7a-0907-4686-9205-ab89a961f8d0,Internal Medicine,5c3edb26-bc4f-4f1a-8594-85bf5482b5a1,17,2025-11-25 21:10:08.308602+00:00
10e02a7a-0907-4686-9205-ab89a961f8d0,Internal Medicine,7847277c-858d-4c72-815b-5463c0d6c1ad,194,2025-11-25 21:10:08.309246+00:00
10e02a7a-0907-4686-9205-ab89a961f8d0,Internal Medicine,7f18bdd4-7b75-4ea1-9e0d-f40a7bd8e710,190,2025-11-25 21:10:08.309921+00:00
10e02a7a-0907-4686-9205-ab89a961f8d0,Internal Medicine,4d85e4ee-0755-4553-bd5d-ab6a16f8624c,56,2025-11-25 21:10:08.310578+00:00
10e02a7a-0907-4686-9205-ab89a961f8d0,Internal Medicine,965d9e14-409a-4d65-95bf-8c714913da15,172,2025-11-25 21:10:08.311216+00:00
